2684 4094
482 270 676 322 Pmuourvs
699 265 870 322 ausura
1180 265 1219 344 85

166 441 269 515 caput
295 430 367 494 eius
395 428 656 515 symphoniacus
684 450 760 492 cum
790 428 935 493 minimis
961 428 1050 494 tibiis
1080 431 1221 496 accessit

166 544 200 599 et
221 545 381 617 tanquam
397 535 431 597 in
447 554 561 598 aurem
578 534 702 616 aliquid
719 543 847 598 secreto
864 534 998 610 diceret,
1016 544 1086 598 toto
1103 534 1221 599 itinere

167 639 323 703 cantauit.

211 743 381 826 sequimur
407 763 469 805 nos
499 741 718 805 admiratione
745 741 810 804 iam
838 741 942 806 saturi
968 751 1002 805 et
1028 763 1103 806 cum
1131 743 1221 824 Aga-

129 876 144 924 5
169 867 344 910 memnone
368 847 411 910 ad
434 846 567 909 ianuam
593 845 816 929 peruenimus‚
838 845 872 908 in
895 845 989 909 cuius
1013 854 1109 929 poste
1132 846 1221 910 libel·

168 952 219 1014 lus
246 960 318 1014 erat
344 970 420 1012 cum
447 951 509 1013 hac
537 949 753 1031 inscriptione
778 950 879 1012 fixus:
913 949 1080 1032 ‘quisquis
1104 970 1220 1014 seruus

169 1055 239 1119 sine
263 1054 428 1118 dominico
452 1053 544 1116 iussu
567 1054 657 1116 foras
685 1053 808 1129 exierit,
835 1053 976 1135 accipiet
1001 1053 1121 1137 plagas
1147 1074 1222 1118 cen·

168 1160 259 1223 tum'
306 1158 339 1220 in
361 1158 453 1221 aditu
477 1167 588 1220 autem
612 1157 686 1238 ipso
710 1157 819 1220 stabat
843 1156 996 1221 ostiarius
1020 1158 1219 1239 prasinatus,

169 1263 319 1327 cerasino
350 1262 539 1325 succinctus
569 1261 713 1342 cingulo,
742 1271 843 1343 atque
874 1261 907 1324 in
938 1262 1034 1325 lance
1061 1272 1222 1343 argentea
1307 1297 1309 1304 ι

118 1395 146 1428 10
169 1366 278 1447 pisum
306 1366 479 1447 purgabat.
527 1385 629 1446 super
652 1364 754 1428 limen
782 1373 894 1428 autem
922 1385 1026 1428 cauea
1053 1365 1222 1448 pendebat

170 1490 278 1546 aurea,
296 1470 330 1532 in
347 1490 414 1551 qua
430 1469 504 1553 pica
520 1469 613 1532 uaria
631 1469 795 1532 intrantes
815 1468 989 1532 salutabat.
1059 1487 1112 1549 29.
1138 1478 1223 1534 cete·

170 1594 242 1637 rum
269 1592 333 1655 ego
358 1573 437 1636 dum
462 1573 574 1636 omnia
600 1582 727 1653 stupeo,
754 1592 863 1653 paene
889 1572 1102 1655 resupinatus
1126 1593 1223 1637 crura

171 1698 245 1741 mea
265 1677 360 1759 fregi.
408 1677 450 1739 ad
472 1676 640 1739 sinistram
657 1675 746 1739 enim
763 1674 963 1739 intrantibus
980 1697 1047 1739 non
1063 1677 1165 1758 longe
1180 1678 1222 1741 ab

170 1781 296 1844 ostiarii
311 1781 394 1844 cella
410 1780 502 1844 canis
518 1780 647 1861 ingens,
665 1788 784 1843 catena
799 1779 942 1856 uinctus,
959 1779 992 1842 in
1009 1780 1136 1861 pariete
1152 1790 1223 1844 erat

119 1915 147 1962 15
171 1885 280 1966 pictus
303 1905 470 1967 superque
493 1884 655 1967 quadrata
674 1883 770 1947 litera
786 1884 946 1965 scriptum
965 1889 1064 1948 ‘caue
1083 1885 1222 1948 canem!

171 1999 204 2053 et
234 1990 382 2070 collegae
410 1988 543 2071 quidem
570 1987 637 2051 mei
664 1987 818 2063 riserunt,
846 2007 910 2069 ego
942 1998 1053 2051 autem
1084 1989 1224 2052 collecto

171 2092 288 2174 spiritu
304 2113 371 2155 non
388 2091 500 2155 destiti
515 2102 622 2156 toturn
638 2091 800 2173 parietem
816 2091 981 2174 persequi.
1025 2100 1096 2155 erat
1112 2102 1223 2155 autem

171 2196 371 2259 uenalicium
392 2216 461 2258 oum
483 2195 588 2259 titulis
608 2195 743 2277 pictum,
761 2205 796 2258 et
813 2194 886 2278 ipse
905 2194 1108 2260 Trimalchio
1126 2195 1225 2277 capil-

172 2300 258 2363 latus
283 2301 466 2365 caduceum
493 2300 630 2363 tenebat
659 2298 880 2381 Mineruaque
907 2299 1052 2363 ducente
1081 2300 1223 2363 Romam

120 2433 149 2466 ω
172 2403 325 2467 intrabat.
383 2404 461 2468 hinc
498 2402 780 2486 quemadmodum
819 2401 1008 2466 ratiocinari
1045 2403 1223 2479 didicisset,

172 2508 315 2590 denique
336 2507 548 2592 dispensator
563 2508 673 2571 factus
689 2516 788 2582 esset,
802 2506 913 2569 omnia
929 2506 1106 2588 diligenter
1122 2507 1225 2571 curio

172 2632 229 2675 sus
261 2612 470 2693 pictoreum
500 2610 716 2693 inscriptione
743 2610 941 2674 reddiderat.
989 2610 1023 2672 in
1049 2611 1225 2675 deficiente

173 2735 253 2779 uero
276 2715 341 2777 iam
365 2715 494 2797 porticu
517 2705 664 2778 leuatum
688 2724 801 2778 mento
828 2713 861 2776 in
886 2713 1031 2777 tribunal
1056 2715 1225 2778 excelsum

175 2818 361 2882 Mercurius
384 2818 543 2900 rapiebat.
591 2827 726 2901 praesto
746 2827 818 2881 erat
839 2818 989 2881 Fortuna
1004 2839 1107 2881 comu
1125 2819 1225 2881 abun-

119 2953 148 2999 25
172 2922 265 2985 danti
291 2921 428 3006 copiosa
454 2931 487 2987 et
514 2931 582 2987 tres
611 2923 734 2986 Parcae
761 2941 861 2985 aurea
889 2941 995 3002 pensa
1020 2932 1223 3004 torquentes.
1305 2912 1311 2922 ¹

173 3025 287 3089 notaui
316 3025 417 3090 etiam
449 3025 483 3088 in
516 3025 645 3109 porticu
677 3044 816 3107 gregem
848 3044 1020 3088 cursorum
1052 3045 1127 3088 cum
1160 3046 1226 3087 ma-

172 3130 276 3212 gistro
304 3150 340 3194 se
366 3140 584 3195 exercentem.
632 3138 807 3211 praeterea
831 3129 959 3210 grande
987 3128 1164 3192 armarium
1192 3129 1226 3191 in

172 3234 297 3316 angulo
327 3233 404 3310 uidi,
436 3234 469 3296 in
500 3233 594 3297 cuius
624 3232 775 3296 aedicula
807 3243 902 3295 erant
936 3233 1041 3296 Lares
1075 3233 1226 3314 argentei

173 3337 273 3420 positi
298 3337 507 3420 Venerisque
532 3336 664 3418 signum
693 3356 914 3399 marmoreum
942 3346 975 3399 et
1002 3335 1099 3420 pyxis
1126 3356 1227 3399 aurea

120 3470 150 3516 30
173 3461 240 3505 non
254 3441 383 3526 pusilla,
397 3441 430 3503 in
443 3461 509 3523 qua
521 3440 659 3503 barbam
672 3438 777 3521 ipsius
788 3439 957 3502 conditam
969 3460 1043 3503 esse
1060 3439 1224 3503 dicebant.

217 3651 422 3731 interrogare
438 3668 520 3730 ergo
536 3647 715 3712 atriensem
732 3646 837 3730 coepi,
851 3667 934 3729 quas
950 3646 984 3710 in
1002 3647 1111 3711 medio
1125 3647 1227 3729 pictu-
