2684 4094
149 257 208 324 172
408 254 620 304 FRAGMENTS
641 254 687 304 OF
710 254 836 304 ROMAN
860 255 986 304 SATIRE

240 432 304 476 nec
333 420 445 474 tamen
476 412 566 493 apud
600 412 769 475 dominam
804 412 920 474 saltem
955 412 1094 475 secundi
1127 411 1255 476 laboris

198 515 390 600 periculum,
408 516 592 579 secundum
608 516 834 579 testimonium
852 515 989 591 meruit;
1014 516 1074 579 sed
1090 519 1254 582 contortis

197 619 383 701 superciliis
402 619 577 682 subridens
596 639 745 682 amarum
768 620 813 683 sic
833 619 958 702 inquit:
982 626 1060 684 ‘nec
1082 641 1136 684 me
1159 642 1255 704 prae·

196 724 273 788 terit
299 723 397 786 huius
424 743 556 806 quoque
583 723 666 786 iacti
688 734 804 787 auctor
827 724 1041 787 adulterinus.
1101 727 1162 789 sed
1186 727 1254 790 iarn

158 848 285 905 5nunc
316 847 379 909 ego
411 827 526 891 sedulo
557 826 776 909 periclitabor,
806 847 848 890 an
876 827 1001 910 oppido
1028 828 1108 893 forti
1138 830 1254 894 animo

197 931 423 1014 singularique
448 930 626 1016 prudentia
649 931 694 994 sis
718 931 878 1014 praedita.
936 932 1075 996 uidesne
1099 933 1256 997 insisten-

196 1046 264 1100 tem
288 1035 489 1100 celsissimae
509 1035 556 1098 illi
577 1035 652 1119 rupi
677 1035 799 1098 montis
818 1035 913 1098 ardui
938 1037 1097 1100 uerticem
1123 1037 1255 1120 dequo

197 1140 300 1204 fontis
316 1139 378 1203 atri
394 1141 510 1203 fuscae
531 1130 682 1204 defluunt
704 1140 823 1215 undae,
841 1160 1088 1222 proxumaeque
1112 1161 1257 1223 concep-

196 1245 307 1307 taculo
326 1243 422 1307 uallis
441 1244 589 1307 inclusae
611 1243 748 1329 Stygias
766 1243 913 1325 inrigant
934 1245 1082 1326 paludes
1100 1254 1133 1308 et
1151 1265 1256 1309 rauca

147 1379 176 1412 ιο
198 1347 315 1433 Cocyti
330 1348 456 1412 fluenta
474 1348 646 1411 nutriunt?
692 1347 840 1411 indidem
856 1347 937 1411 mihi
953 1348 994 1410 de
1010 1349 1132 1411 summi
1147 1350 1256 1413 fontis

198 1453 312 1536 penita
333 1452 553 1534 scaturrigine
577 1472 686 1515 rorem
710 1451 875 1534 rigentem
899 1452 1066 1515 hauritum
1089 1452 1154 1516 ista
1178 1475 1257 1517 con-

197 1555 310 1619 festim
337 1557 470 1620 deferes
497 1556 636 1619 urnula!
692 1555 739 1619 sic
764 1556 857 1619 aiens
880 1557 1035 1641 crystallo
1059 1557 1256 1620 dedolatum

197 1661 369 1723 uasculum
386 1659 522 1741 insuper
538 1659 569 1722 ei
584 1659 740 1742 grauiora
756 1660 958 1723 comminata
973 1660 1117 1724 tradidit.

244 1783 294 1842 14.
321 1773 355 1826 at
370 1763 426 1826 illa
442 1763 589 1826 studiose
605 1763 746 1845 gradum
762 1764 913 1826 celerans
926 1765 1049 1827 montis
1065 1774 1255 1828 extremum

147 1898 174 1945 15
198 1867 282 1948 petit
301 1867 475 1942 tumulum,
493 1877 583 1930 certe
607 1866 660 1929 uel
683 1866 749 1930 illic
773 1867 950 1930 inuentura
973 1867 1061 1930 uitae
1085 1869 1256 1950 pessimae

198 1970 308 2032 finem.
362 1969 421 2033 sed
452 1989 528 2032 cum
560 1969 703 2051 primum
734 1970 896 2054 praedicti
926 1970 997 2052 iugi
1028 1973 1257 2035 conterminos

198 2073 288 2136 locos
325 2073 462 2156 appulit,
496 2073 588 2136 uidet
618 2074 666 2136 rei
696 2083 813 2136 uastae
846 2074 979 2137 letalem
1011 2074 1254 2139 difficultatem.

122 2200 127 2209 ·
198 2197 342 2259 namque
369 2196 485 2240 saxum
515 2177 653 2241 immani
683 2177 913 2259 magnitudine
945 2198 1120 2259 procerum
1147 2189 1182 2242 et
1209 2181 1257 2242 in-

198 2299 334 2343 accessa
357 2279 547 2343 salebritate
570 2279 734 2343 lubricum
761 2280 878 2343 mediis
905 2301 924 2344 e
950 2281 1103 2345 faucibus
1131 2281 1257 2364 lapidis

146 2417 176 2449 ω
198 2383 309 2446 fontes
336 2383 486 2447 horridos
517 2383 703 2458 euomebat,
728 2383 785 2467 qui
816 2384 928 2448 statim
956 2385 1052 2466 proni
1078 2387 1257 2450 foraminis

198 2487 326 2550 lacunis
347 2487 427 2551 editi
449 2508 574 2569 perque
594 2488 742 2569 procliue
764 2487 893 2569 delapsi
917 2499 951 2552 et
972 2489 1107 2571 angusti
1127 2492 1258 2554 canalis

198 2601 311 2654 exarto
335 2591 479 2654 contecti
505 2591 636 2654 tramite
664 2612 860 2673 proxumam
892 2593 1078 2655 conuallem
1110 2593 1259 2658 latenter

198 2694 397 2758 incidebant.
437 2695 551 2758 dextra
564 2695 725 2777 laeuaque
738 2694 891 2758 cautibus
903 2696 1029 2759 cauatis
1041 2709 1255 2779 proserpunt,

198 2807 232 2861 et
253 2799 354 2880 longa
372 2799 457 2862 colla
473 2799 618 2880 porrecti
636 2799 728 2861 saeui
745 2800 907 2862 dracones
923 2799 1098 2863 inconiuae
1118 2801 1257 2882 uigiliae

146 2935 174 2983 25
199 2901 377 2965 luminibus
394 2903 533 2967 addictis
553 2912 586 2966 et
605 2902 638 2964 in
661 2912 857 2984 perpetuam
878 2903 987 2966 lucem
1005 2904 1140 2986 pupulis
1159 2925 1259 2969 excu-

198 3005 363 3068 bantibus.
387 3072 390 3079 ,
410 3006 542 3089 iamque
570 3016 603 3069 et
625 3006 717 3087 ipsae
742 3016 866 3069 metum
890 3007 1097 3070 incutiebant
1119 3010 1257 3073 uocales

198 3130 313 3192 aquae.
361 3131 439 3172 nam
462 3119 496 3173 et
513 3110 682 3185 ‘discede'
701 3119 733 3172 et
752 3111 848 3192 ‘quid
865 3112 968 3175 facis?
991 3111 1087 3187 vide‚’
1105 3122 1138 3174 et
1156 3113 1257 3195 ‘quid

199 3213 293 3295 agis?
309 3212 411 3288 caue,’
428 3223 462 3278 et
479 3214 598 3294 ‘fuge’
620 3224 654 3277 et
671 3213 822 3295 ‘peribis’
840 3213 980 3278 subinde
1003 3215 1157 3279 clamant.
1206 3218 1258 3281 sic

198 3316 463 3399 impossibilitate
483 3317 557 3399 ipsa
576 3327 704 3380 mutata
722 3317 755 3378 in
775 3318 920 3399 lapidem
946 3320 1075 3404 Psyche
1099 3321 1258 3402 quamuis

72 3463 75 3469 ·
147 3456 176 3502 30
200 3420 368 3504 praesenti
394 3441 532 3502 corpore
561 3419 712 3483 sensibus
739 3431 853 3484 tamen
877 3420 1001 3498 aberat,
1025 3432 1059 3486 et
1081 3422 1259 3488 inextrica-

199 3525 273 3588 bilis
290 3525 427 3606 periculi
443 3525 528 3588 mole
545 3544 680 3606 prorsus
699 3523 818 3587 obruta
837 3525 1058 3589 lacrumarum
1079 3527 1182 3591 etiam
1203 3548 1259 3592 ex-

199 3638 305 3693 tremo
321 3628 443 3691 solacio
459 3627 601 3692 carebat.
