2684 4094
121 231 160 290 '22
384 239 594 287 snscusnrs
617 239 661 287 or
686 239 812 287 norrun
836 239 961 286 smus

501 392 668 460 Apparently
681 393 844 454 nuerlnucled,

121 522 174 584 39.
188 503 353 567 *mantica
368 502 518 566 canthari
534 513 643 565 costas
660 503 824 583 grauitate
842 503 1021 583 premebat.

762 603 863 672 Porph.
879 603 907 655 in
922 605 990 657 Hor.
1007 604 1065 657 Sal.
1081 603 1103 658 l.
1118 601 1143 658 6.
1163 605 1225 658 106.

476 762 543 814 And
555 762 615 813 will
628 763 738 814 careless
751 762 868 824 driuers,·

120 894 174 952 40.
208 894 305 955 porro
322 873 473 935 homines
490 893 643 955 nequam,
662 872 768 935 malus
785 883 821 934 ut
837 872 1165 967 quartariuchippos,

207 977 356 1041 collisere
373 996 489 1038 omnes
1069 966 1222 1071 Fests258.

219 1180 222 1185 ·
290 1163 357 1214 Anu
370 1163 408 1213 lle
421 1163 596 1230 qasnnnomlc
610 1162 728 1214 Lucilius
741 1163 829 1214 misses
842 1163 907 1214 table
920 1163 1047 1214 luxuries.

118 1293 173 1351 41.
207 1283 317 1336 ostrea
333 1273 423 1335 nulla
439 1272 512 1347 fuit,
526 1293 592 1334 non
610 1293 766 1353 purpura,
781 1272 872 1334 nulla
888 1273 1053 1410 peloris,N
1152 1357 1169 1409 6
1238 1348 1241 1353 ⁶

1056 1375 1102 1410 on.
1117 1372 1146 1408 21
1173 1373 1221 1426 .5.

118 1448 172 1508 42.
206 1429 362 1512 asparagi
378 1423 491 1504 nulli3⁴
1052 1470 1159 1523 charis.
1177 1461 1228 1540 55?

118 1606 173 1665 43.
407 1635 412 1648 .
440 1635 445 1648 .
472 1636 478 1648 .
504 1607 581 1648 narn
599 1586 663 1648 mel
680 1587 869 1667 regionibus
886 1587 949 1649 illis

206 1692 406 1754 incrustatus
422 1690 514 1763 calix,
533 1690 618 1751 rutai
633 1691 737 1752 caulis
754 1691 902 1752 habetur.

777 1791 879 1860 Porph.
895 1792 923 1843 in
937 1793 1006 1844 Hor.
1024 1792 1080 1844 Sal.
1097 1794 1118 1844 1.
1134 1808 1159 1859 3.
1176 1793 1219 1861 56.

118 1953 152 2005 In
164 1956 204 2006 the
220 1971 311 2005 course
324 1953 359 2022 of
369 1953 561 2005 conversations
574 1971 608 2005 on
621 1954 661 2004 lle
673 1954 798 2022 Journey,
813 1953 922 2016 Accius,
939 1954 1052 2016 Ennius,
1065 1955 1121 2006 and
1136 1955 1221 2006 others

568 2057 613 2091 are
627 2041 767 2092 criticised.

253 2145 351 2232 [ordo
374 2158 425 2210 est
450 2147 585 2229 ‘tragici
609 2148 693 2211 Acci
718 2148 797 2210 nihil
822 2159 927 2210 mutat
953 2145 1139 2211 Lucilius?’
1186 2161 1220 2212 et

205 2254 267 2316 hoc
287 2252 525 2332 interrogatiua
544 2253 649 2332 figura
669 2273 744 2314 cum
763 2252 867 2315 ironia
886 2253 1029 2334 quadam
1051 2254 1220 2333 pronunti-

205 2357 337 2430 andum,
363 2356 440 2437 quia
464 2376 503 2417 ex
527 2357 691 2419 contrario
717 2356 979 2436 intellegendum
1004 2366 1060 2419 est.
1116 2357 1219 2420 comis

204 2470 313 2522 autem
334 2459 480 2522 Lucilius
496 2470 634 2540 propter
650 2459 870 2522 urbanitatem
888 2460 1014 2535 dicitur,
1029 2470 1062 2522 ct
1080 2460 1217 2522 ‘mutat'

155 2589 169 2642 5
204 2584 264 2644 pro
278 2563 418 2644 eoquod
432 2573 482 2625 est
497 2563 684 2625 ‘emendat'
700 2564 843 2643 positum
858 2574 916 2626 cst.
960 2564 1042 2627 facit
1057 2564 1089 2626 id
1107 2573 1218 2626 autem

205 2667 352 2729 Lucilius
366 2687 439 2729 curn
454 2667 533 2728 alias
547 2676 617 2728 tum
631 2667 684 2728 uel
701 2668 841 2729 maxime
858 2668 889 2728 in
907 2668 1004 2730 tertio
1021 2667 1111 2731 libro.
1153 2687 1219 2731 rne-

203 2771 298 2833 minit
314 2780 347 2833 et
362 2771 481 2833 VIIII.
500 2780 532 2832 et
549 2771 590 2831 X.
744 2803 842 2871 Porph.
857 2803 885 2855 ᾖ,
899 2805 968 2856 Hor,
985 2805 1042 2855 Sag,
1058 2805 1080 2856 1,
1099 2819 1138 2856 ιο,
1155 2803 1213 2872 51-]

58 2998 61 3014 .
114 2965 168 3023 44.
182 2948 211 2982 *‘
222 2944 346 3026 sparsis
363 2943 468 3007 hastis
485 2943 593 3025 longis
610 2965 748 3024 campus
766 2946 969 3025 splenderet
987 2943 1116 3007 horrct’

607 3051 719 3093 ιι

658 3092 676 3125 Ι

690 3185 696 3196 ,
723 3185 728 3197 .
755 3185 761 3197 .
787 3137 898 3198 horret
915 3146 947 3197 et
964 3136 1060 3216 alget.

878 3238 952 3289 Seru.
968 3236 995 3288 in
1010 3237 1078 3287 Aen.
1092 3239 1142 3288 Xl.
1157 3237 1215 3288 601.

113 3359 168 3422 45.
202 3342 283 3405 illud
299 3341 341 3404 ad
357 3340 458 3403 incita
474 3361 549 3402 cum
566 3342 650 3403 redit
667 3352 766 3423 atque
783 3343 1043 3404 internecionem

1013 3445 1085 3495 Non.
1105 3459 1132 3494 12
1154 3459 1216 3495 .20.

83 3504 85 3509 ’
114 3520 168 3595 46.
203 3517 364 3580 Romanis
381 3517 467 3580 ludis
483 3519 577 3580 forus
594 3518 670 3580 olim
688 3527 824 3580 ornatus
840 3517 992 3579 lucernis.
1136 3459 1150 3509 3

1014 3620 1086 3670 Non.
1101 3617 1159 3669 206.
1177 3631 1208 3682 14
