2684 4094
393 219 605 269 FRAGMENTS
627 221 673 269 OF
697 221 823 270 ROMAN
846 219 972 268 SATIRE

575 393 794 439 MARCOPOLIS

593 498 665 573 Περὶ
684 499 771 574 ἀρχῆς

135 619 235 689 ΤΙιίη93
246 637 280 689 9⁰
293 619 370 687 badly
383 618 411 670 in
423 618 472 670 nis
485 619 574 670 world.
612 618 731 670 Natural
744 616 857 687 equolity
868 616 904 685 of
914 616 997 685 riqhts
1009 615 1032 668 is
1043 623 1088 668 not
1100 616 1237 684 respectet!

572 707 603 773 by
616 707 656 758 the
668 714 792 774 stronyer.

134 842 206 902 119.
284 830 403 882 natura
419 820 572 882 humanis
588 820 699 882 omnia
715 829 793 882 sunt
809 818 920 900 paria:

240 924 298 1007 qui
313 934 390 1005 pote
407 925 481 1005 plus
498 934 604 1004 urget,
622 924 722 1005 piscis
738 909 774 985 ut
791 942 891 1005 saepe
908 921 1052 984 minutos

284 1048 427 1109 magnus
444 1037 577 1101 comest,
597 1037 632 1090 ut
649 1027 720 1089 auis
736 1026 847 1089 enicat
862 1024 1028 1107 accipiter.
1056 1094 1122 1147 Non
1146 1092 1177 1145 δι
1206 1108 1224 1161 9

345 1228 412 1280 Aoo
421 1229 532 1298 fortune
544 1237 637 1297 oranti
650 1246 684 1280 no
696 1245 743 1279 one
757 1227 890 1279 ooorolcoo
902 1242 1015 1278 success.

134 1362 207 1409 120.
241 1343 364 1406 nemini
383 1341 532 1406 Fortfina
548 1362 681 1405 currum
698 1363 717 1404 a
734 1339 865 1404 circere
882 1339 999 1404 intimo
1015 1340 1151 1402 missum

240 1445 306 1510 lobi
321 1444 523 1509 inoffenstim
540 1466 600 1528 per
615 1466 739 1528 aequor
751 1443 929 1508 condidum
946 1445 988 1506 ad
1004 1445 1128 1507 calcem
1145 1443 1232 1506 siuit.

1022 1547 1096 1598 Non.
1114 1559 1172 1613 199·
1192 1545 1233 1596 18.

148 1656 204 1708 But
216 1672 279 1707 even
293 1655 320 1706 in
333 1655 373 1706 tlte
387 1654 458 1706 ideal
472 1662 536 1706 stote
549 1654 584 1722 of
597 1654 708 1706 Marcus
727 1653 812 1707 Vorro
828 1653 868 1704 the
883 1652 1065 1721 philosophos
1082 1651 1214 1720 sqoobble.

134 1788 208 1834 121.
242 1769 296 1833 cui
312 1769 409 1832 Celer
424 1765 813 1846 Διενοςλημματοςλόγος,
830 1766 1003 1849 Antipatri
1020 1765 1115 1830 stoici
1136 1765 1231 1828 filius.

219 1883 310 1936 rutro
327 1882 428 1955 caput
444 1872 619 1956 displanat.
1038 1898 1113 1950 Non,
1131 1896 1171 1947 18.
1188 1909 1232 1947 20,

593 2127 773 2174 MELEAGRI

132 2229 172 2281 At
190 2230 230 2281 the
249 2229 365 2298 funeral
384 2228 418 2297 os
431 2245 447 2280 o
463 2237 538 2297 orent
556 2229 649 2281 onntor
667 2228 846 2280 conversation
865 2236 939 2279 toros
957 2245 990 2280 oo
1009 2227 1049 2278 the
1063 2242 1180 2294 purpose
1198 2225 1233 2294 of

621 2316 741 2384 huntioq.

135 2444 208 2490 122.
285 2447 419 2509 quaero,
437 2436 546 2489 utrum
566 2425 707 2489 fructuis
725 2446 768 2487 an
787 2423 1016 2488 delectationis
1037 2422 1160 2487 causa?
1206 2421 1234 2483 si

241 2530 391 2606 fructuiS,
409 2540 445 2593 ut
460 2529 615 2592 uendatis
638 2579 645 2592 .
671 2579 677 2591 .
704 2579 710 2591 .
1021 2556 1096 2607 Non.
1110 2566 1172 2621 492·
1190 2565 1231 2616 14,

133 2732 169 2802 Is
180 2749 232 2801 you
253 2731 318 2784 tunt
328 2731 380 2800 for
394 2731 526 2799 pleooure,
542 2731 599 2798 why
614 2740 657 2781 not
673 2730 707 2782 sit
722 2730 776 2782 still
791 2738 818 2782 ot
833 2730 873 2782 tlte
888 2729 979 2797 publio
996 2726 1165 2791 uenationes,
1179 2727 1234 2778 ond

503 2835 545 2869 see
558 2818 641 2870 others
654 2819 687 2869 do
701 2817 719 2868 it
729 2817 780 2886 sor
790 2818 862 2885 you?

136 2952 209 3010 123.
286 2933 336 2997 sin
368 2942 479 2997 autem
512 2931 741 2996 delectationis
771 2951 872 2993 causa
902 2929 1081 3003 uenamini,
1109 2937 1233 3010 quanto

242 3037 345 3101 satius
372 3047 423 3101 est
449 3036 549 3100 saluis
578 3036 728 3099 cruribus
755 3036 788 3098 in
812 3035 899 3098 circo
924 3043 1109 3116 expectare,
1134 3051 1233 3113 quam

244 3141 295 3204 his
311 3140 533 3205 descobinatis
550 3140 583 3202 in
601 3139 684 3202 silua
700 3138 855 3203 currere?
1049 3165 1232 3230 N011·99·25·

344 3340 380 3393 In
392 3342 469 3404 short,
483 3341 552 3393 what
564 3341 586 3392 is
599 3341 638 3392 the
652 3357 697 3392 use
709 3339 744 3408 os
750 3339 787 3391 all
799 3339 840 3391 the
853 3338 1025 3407 disconfort?

136 3473 210 3533 124.
287 3476 427 3529 currere,
443 3456 591 3536 uigilare,
606 3454 746 3518 esurire:
767 3453 901 3536 quando
914 3453 997 3515 haec
1013 3452 1125 3515 facere
1142 3471 1235 3532 opor-

242 3559 310 3627 tet?
356 3581 454 3643 quam
472 3560 514 3624 ad
531 3559 655 3623 finem?
1049 3599 1122 3651 Non·
1137 3609 1196 3662 203·
1210 3594 1234 3647 6.
