2684 4094
143 276 204 341 130
402 269 612 319 FRAGMENTS
635 269 680 318 OF
704 268 830 318 ROMAN
854 270 979 319 SATIRE

234 403 278 507 9.⁸
292 425 428 489 tandem
457 425 531 489 Ioui
557 425 648 488 uenit
675 426 709 488 in
737 436 892 502 mentem,
917 426 1056 508 priuatis
1079 427 1170 491 intra
1194 450 1252 492 cu-

191 531 273 594 riam
289 529 494 593 morantibus
510 527 709 594 senatoribus
724 549 789 590 non
804 528 897 591 licere
915 531 1114 594 sententiam
1131 533 1249 596 dicere

191 654 252 698 nec
280 634 459 716 disputare.
523 632 620 713 ‘ego’
650 633 756 714 inquit
783 640 831 715 ‘p.
861 655 887 696 c.
916 634 1121 716 interrogare
1146 638 1248 701 uobis

167 780 170 785 -
191 738 415 821 permiseram,
430 758 490 800 uos
507 757 598 801 mera
614 737 758 818 mapalia
773 737 908 801 fecistis.
956 738 1032 802 uolo
1049 749 1085 802 ut
1101 742 1248 805 seruetis

153 872 166 919 5
191 842 399 923 disciplinam
416 841 535 904 curiae.
583 841 636 904 hic
652 841 893 924 qualiscunque
909 851 968 918 est,
986 843 1066 924 quid
1082 845 1123 907 de
1146 847 1247 910 nobis

191 945 430 1008 existimabit?'
463 945 517 1008 illo
545 944 680 1007 dimisso
708 944 835 1026 primus
861 945 1084 1027 interrogatur
1110 958 1248 1012 senten-

190 1050 271 1112 tiam
289 1051 391 1112 lanus
408 1057 511 1131 pater.
559 1049 587 1111 is
603 1049 798 1129 designatus
814 1049 933 1112 eratin
950 1050 1013 1112 kal.
1034 1051 1135 1115 Iulias
1155 1064 1248 1134 post-

192 1152 393 1215 meridianus
410 1153 535 1226 consul,
554 1152 652 1214 homo
669 1153 883 1234 quantumuis
907 1154 1011 1230 ualer,
1029 1155 1085 1237 qui
1107 1175 1248 1238 semper

191 1257 282 1319 uidet
306 1254 373 1332 ἅμα
396 1253 533 1337 πρόσσω
556 1252 612 1316 καὶ
634 1251 775 1317 ὀπίσσω.
821 1257 849 1320 is
873 1257 978 1320 multa
1000 1258 1131 1334 diserte,
1153 1264 1247 1342 quod

140 1392 168 1425 ιο
191 1361 224 1423 in
241 1361 315 1423 foro
332 1359 475 1434 uiuebat,
494 1359 582 1435 dixit,
601 1380 686 1442 quae
704 1359 852 1423 notarius
868 1361 1024 1443 persequi
1043 1382 1109 1424 non
1133 1366 1248 1444 potuit

191 1473 225 1527 et
244 1464 319 1527 ideo
338 1484 405 1526 non
428 1464 547 1538 refero,
565 1482 607 1526 ne
632 1463 703 1526 aliis
727 1463 837 1526 uerbis
860 1485 994 1546 ponam,
1011 1486 1096 1547 quae
1120 1467 1163 1529 ab
1183 1468 1247 1532 'illo

191 1568 279 1631 dicta
303 1578 388 1631 sunt.
437 1568 541 1630 multa
564 1567 645 1630 dixit
668 1568 710 1630 de
733 1568 961 1648 magnitudine
985 1570 1141 1632 deorum:
1175 1592 1246 1635 non

191 1672 312 1735 debere
330 1672 418 1733 hunc
435 1672 535 1752 uulgo
552 1671 624 1734 dari
639 1672 807 1735 honorem.
849 1672 963 1735 ‘olim’
980 1673 1086 1755 inquit
1100 1679 1247 1757 ‘magna

191 1767 337 1839 reserat
359 1776 458 1838 deum
483 1775 571 1838 fieri:
602 1775 668 1837 iam
691 1775 817 1837 famam
842 1775 978 1838 mimum
1001 1777 1137 1841 fecistis.
1186 1780 1248 1843 ita-

141 1910 167 1957 15
191 1900 255 1962 que
275 1899 317 1943 ne
337 1879 452 1942 uidear
474 1879 507 1941 in
532 1898 719 1960 personam,
737 1900 804 1942 non
827 1879 861 1942 in
882 1900 954 1942 rem
979 1881 1088 1945 dicere
1109 1893 1247 1946 senten-

191 1984 280 2060 tiam,
300 2003 421 2047 censeo
445 2002 487 2046 ne
511 1982 584 2064 quis
608 1992 683 2064 post
707 1984 796 2046 hunc
819 1983 906 2046 diem
930 1984 1013 2046 deus
1036 1986 1093 2048 fiat
1115 2005 1157 2049 ex
1180 1988 1244 2063 his,

191 2088 247 2169 qui
263 2084 398 2169 ἀρούρης
413 2082 542 2168 καρπὸν
556 2081 683 2147 ἔδουσιν
703 2083 777 2170 [aut
793 2107 834 2149 ex
849 2087 909 2161 his,
924 2108 1007 2168 quos
1024 2089 1081 2152 alit
1099 2085 1245 2172 ζεῶωρος

191 2188 342 2276 ἅρουρσι]ο
383 2191 438 2273 qui
454 2200 569 2254 contra
586 2191 648 2253 hoc
666 2200 801 2253 senatus
818 2191 1005 2254 consultum
1022 2193 1104 2256 deus
1119 2194 1243 2270 factus,

191 2295 299 2358 dictus
315 2295 467 2376 pictusue
483 2294 553 2370 erit,
568 2314 643 2356 eum
661 2294 737 2357 dedi
755 2294 872 2357 Laruis
889 2305 922 2357 et
938 2296 1087 2376 proximo
1103 2316 1244 2363 munere

75 2457 79 2473 ,
139 2427 167 2458 ω
190 2399 276 2462 inter
288 2419 393 2462 nouos
403 2407 592 2461 auctoratos
604 2398 720 2461 ferulis
732 2398 891 2479 uapulare
904 2399 1034 2480 placet'
1073 2401 1245 2482 proximus

190 2503 413 2584 interrogatur
431 2502 629 2565 sententiam
655 2501 825 2583 Diespiter
847 2502 951 2566 Vicae
971 2504 1072 2568 Potae
1096 2504 1190 2580 filius,
1209 2518 1245 2570 et

190 2607 263 2708 ipse
282 2607 476 2688 designatus
495 2606 620 2680 consul,
640 2605 932 2669 nummulariolus:
957 2607 1019 2671 hoc
1040 2618 1181 2690 quaestu
1206 2631 1244 2674 se

191 2710 384 2785 sustinebat,
409 2709 555 2772 uendere
580 2708 767 2771 ciuitatulas
792 2709 928 2772 solebat.
976 2711 1018 2773 ad
1043 2712 1131 2775 hunc
1154 2713 1243 2777 belle

191 2815 331 2877 accessit
348 2813 512 2876 Hercules
529 2823 561 2875 et
578 2813 758 2876 auriculam
775 2813 820 2875 illi
836 2813 952 2895 tetigit.
999 2824 1114 2880 censet
1129 2816 1243 2899 itaque

139 2949 166 2995 25
190 2917 223 2979 in
241 2919 323 2981 haec
340 2917 461 2980 uerba:
483 2923 576 2979 ‘cum
594 2917 690 2979 diuus
704 2917 861 2980 Claudius
874 2927 908 2980 et
920 2918 1034 2981 diuum
1047 2919 1240 3000 Augustum
1335 2938 1337 2944 ·

191 3021 353 3103 sanguine
372 3020 545 3101 contingat
564 3041 625 3083 nec
649 3020 757 3083 minus
780 3021 891 3083 diuam
916 3022 1107 3103 Augustam
1131 3024 1242 3087 auiam

191 3146 295 3200 suam,
324 3145 423 3206 quam
454 3125 526 3205 ipse
558 3125 653 3187 deam
686 3144 759 3187 esse
790 3124 893 3199 iussit,
925 3125 1090 3208 longeque
1124 3147 1243 3192 omnes

192 3229 346 3292 mortales
374 3228 538 3309 sapientia
565 3229 750 3302 antecellat,
776 3228 882 3309 sitque
910 3249 928 3291 e
952 3230 1143 3311 republica
1167 3251 1243 3296 esse

191 3333 334 3414 aliquem
362 3332 418 3413 qui
446 3352 519 3394 cum
551 3332 693 3394 Romulo
723 3332 827 3412 possit
852 3332 1044 3396 “feruentia
1074 3354 1156 3416 rapa
1187 3356 1243 3398 uo·

139 3467 167 3510 30
191 3435 294 3510 rare,’'
313 3455 432 3498 censeo
448 3435 497 3497 uti
513 3435 608 3497 diuus
626 3436 785 3498 Claudius
801 3455 841 3498 ex
863 3436 925 3499 hac
945 3436 997 3500 die
1021 3438 1103 3500 deus
1127 3438 1177 3514 sit,
1195 3438 1243 3503 ita

192 3540 239 3602 uti
255 3549 332 3601 ante
349 3558 424 3601 eum
441 3538 496 3619 qui
513 3538 638 3618 optimo
655 3539 724 3600 iure
741 3540 851 3601 factus
871 3539 922 3615 sit,
940 3560 1080 3623 eamque
1103 3562 1173 3605 rem
1197 3545 1242 3606 ad

191 3642 468 3723 metamorphosis
486 3641 586 3704 Ouidi
602 3641 831 3704 adiciendam!
879 3642 991 3708 uariae
1004 3655 1099 3708 erant
1111 3655 1244 3709 senten-
