2684 4094
488 241 682 290 PETRONIVS
705 241 860 289 ARBITER
1166 249 1221 294 121

172 409 247 461 tura
271 399 405 473 moueri,
431 399 490 460 sed
517 398 711 460 destitutum
739 397 922 461 ministerio
950 418 1016 460 non
1042 418 1225 479 agnoscere

172 502 368 584 dignitatem
386 522 489 564 suam.
534 511 708 583 praeterea
724 501 847 564 habere
864 501 897 563 in
913 501 1033 564 Africa
1048 502 1225 565 trecenties

173 606 361 669 sestertium
385 605 499 668 fundis
522 604 779 687 nominibusque
800 605 1005 686 depositum;
1030 625 1107 666 narn
1131 606 1225 668 fami·

173 709 249 772 liam
280 710 414 791 quidem
445 719 513 771 tam
546 729 702 789 magnam
734 729 793 790 per
820 728 919 789 agros
949 708 1128 772 Numidiae
1151 728 1224 773 esse

134 823 148 869 5
173 833 331 894 sparsam,
349 823 385 875 ut
404 813 510 894 possit
529 813 582 874 uel
600 812 839 893 Carthaginem
864 832 992 892 capere.
1040 814 1223 876 secundum

173 918 259 979 hanc
283 918 460 979 formulam
484 917 687 998 imperamus
714 916 889 997 Eumolpo,
907 926 943 978 ut
965 916 1142 997 plurimum
1160 926 1225 979 tus

173 1020 244 1095 siat,
273 1030 310 1082 ut
340 1020 382 1082 sit
412 1021 511 1082 modo
540 1019 704 1082 solutioris
732 1019 895 1082 stomachi
922 1019 1080 1101 cibosque
1108 1040 1225 1083 omnes

173 1124 283 1204 palam
300 1124 451 1199 damnet;
476 1125 630 1205 loquatur
648 1143 765 1185 aurum
782 1132 815 1185 et
834 1133 1010 1203 argentum
1034 1125 1224 1206 fundosque

172 1228 351 1290 mendaces
378 1237 411 1290 et
439 1237 636 1310 perpetuam
663 1237 826 1289 terrarum
855 1227 1077 1304 sterilitatem;
1109 1229 1225 1291 sedeat

122 1343 150 1375 10
173 1341 345 1412 praeterea
376 1331 522 1413 quotidie
553 1332 596 1394 ad
629 1331 775 1394 rationes
805 1331 1003 1414 tabulasque
1033 1333 1225 1395 testamenti

173 1435 325 1498 omnibus
350 1433 509 1497 mensibus
535 1445 682 1498 renouet.
737 1444 770 1497 et
795 1455 837 1498 ne
862 1435 941 1517 quid
968 1445 1109 1499 scaenae
1134 1437 1225 1499 dees·

173 1549 232 1614 set,
250 1539 512 1621 quotiescunque
534 1539 678 1621 aliquem
700 1549 849 1602 nostrum
873 1560 993 1602 uocare
1017 1549 1222 1621 temptasset,

173 1642 271 1705 alium
300 1663 361 1724 pro
388 1643 452 1705 alio
479 1652 623 1718 uocaret,
652 1652 689 1704 ut
716 1642 814 1704 facile
845 1653 1023 1723 appareret
1053 1644 1223 1706 dominum

172 1746 271 1809 etiam
295 1766 409 1809 eorum
433 1745 633 1822 meminisse,
656 1746 713 1828 qui
736 1755 930 1828 praesentes
954 1767 1021 1810 non
1045 1757 1166 1810 essent.

623 1872 642 1908 ἦ
691 1873 707 1908 ἦ
756 1873 773 1908 ἢ

121 1974 148 2021 15
219 1957 292 2020 118.
319 1955 459 2017 ‘multos
487 1950 611 2037 [inquit
640 1955 834 2034 Eumolpus,
861 1952 897 2039 o]
925 1954 1064 2017 iuuenes
1091 1975 1224 2017 carmen

172 2058 312 2139 decepit.
359 2078 437 2120 narn
457 2068 494 2120 ut
512 2058 652 2140 quisque
669 2078 802 2120 uersum
827 2057 967 2139 pedibus
984 2058 1138 2121 instruxit
1154 2079 1225 2121 sen-

173 2182 314 2243 sumque
340 2162 539 2225 teneriorem
562 2162 740 2225 uerborum
766 2161 891 2225 ambitu
919 2162 1067 2237 intexuit,
1094 2163 1225 2244 putauit

173 2286 208 2328 se
226 2266 384 2329 continuo
401 2266 434 2328 in
452 2265 651 2328 Heliconem
667 2265 807 2328 uenisse.
845 2265 891 2328 sic
909 2265 1099 2328 forensibus
1115 2266 1225 2329 minis·

173 2369 263 2432 teriis
286 2369 457 2432 exercitati
483 2370 678 2451 frequenter
702 2368 743 2431 ad
771 2369 926 2431 carminis
951 2369 1223 2450 tranquillitatem

120 2510 149 2542 20
172 2482 330 2556 tanquam
362 2474 404 2536 ad
435 2483 569 2554 portum
601 2473 783 2536 feliciorem
814 2474 1021 2553 refugerunt,
1050 2474 1224 2537 credentes

172 2578 303 2640 facilius
330 2598 450 2658 poema
473 2577 579 2639 extrui
607 2597 715 2658 posse,
741 2597 841 2659 quam
869 2577 1129 2639 controuersiam
1153 2597 1224 2640 sen-

171 2681 316 2744 tentiolis
333 2680 540 2743 uibrantibus
562 2680 698 2761 pictam*
742 2688 889 2742 ceterum
906 2699 1015 2760 neque
1031 2681 1224 2760 generosior

172 2784 308 2865 spiritus
327 2783 507 2846 uanitatem
528 2793 626 2859 amat,
645 2804 752 2865 neque
772 2783 946 2864 concipere
964 2793 1020 2845 aut
1036 2783 1135 2846 edere
1152 2805 1224 2865 par-

171 2898 240 2950 tum
258 2908 352 2950 mens
368 2897 479 2968 potest
491 2887 554 2950 nisi
570 2887 698 2968 ingenti
714 2887 849 2949 flumine
866 2887 1034 2949 literarum
1052 2887 1220 2951 inundata.

119 3016 147 3062 25
170 2991 406 3072 refugiendum
422 3001 473 3054 est
489 2990 531 3053 ab
547 2991 637 3053 omni
654 2991 840 3065 uerborum,
855 3000 892 3052 ut
908 2990 954 3052 ita
966 2991 1084 3066 dicam,
1096 2991 1222 3054 uilitate

171 3104 204 3157 et
220 3096 401 3158 sumendae
417 3115 518 3158 uoces
540 3115 559 3155 a
581 3094 678 3175 plebe
702 3103 859 3169 semotae,
877 3103 914 3156 ut
932 3094 990 3156 fiat
1007 3094 1091 3157 “odi
1114 3096 1223 3176 profa-

171 3219 250 3260 num
281 3200 402 3280 uulgus
434 3208 467 3261 et
497 3199 626 3261 arceo.”
674 3207 846 3279 praeterea
877 3197 1061 3260 curandum
1093 3208 1152 3273 est,
1179 3219 1222 3261 ne

171 3304 356 3365 sententiae
387 3303 555 3364 emineant
583 3311 675 3364 extra
702 3321 823 3382 corpus
850 3301 1008 3365 orationis
1034 3322 1220 3383 expressae,

171 3404 229 3467 sed
253 3405 377 3468 intexto
401 3405 550 3468 uestibus
572 3405 681 3467 colore
702 3405 839 3467 niteant.
889 3405 1058 3467 Homerus
1077 3405 1172 3468 testis
1189 3415 1222 3467 et

117 3536 146 3580 30
169 3509 264 3593 lyrici
282 3511 520 3591 Romanusque
536 3509 704 3589 Vergilius
720 3518 753 3569 et
771 3508 902 3570 Horatii
920 3508 1049 3570 curiosa
1069 3509 1219 3571 felicitas.

170 3613 271 3676 ceteri
294 3613 383 3676 enim
404 3622 461 3674 aut
486 3633 552 3674 non
574 3613 729 3674 uiderunt
752 3612 849 3686 uiam,
875 3632 940 3692 qua
963 3611 1065 3674 iretur
1088 3612 1130 3673 ad
1155 3632 1220 3674 car·
