2684 4094
482 273 675 323 aarxomvs
698 271 852 322 hamran
1159 277 1219 344 ¹¹7

210 441 243 494 et
270 431 362 493 illum
392 429 525 512 quidem
557 430 799 493 uociferantem
829 429 863 491 in
894 450 985 493 mare
1016 440 1137 493 uentus
1167 451 1219 492 ex-

166 535 278 610 cussit,
303 522 548 616 repetitumque
574 534 698 596 infesto
725 533 857 614 gurgite
886 534 1034 615 procella
1063 534 1220 597 circume-

167 638 215 719 git
237 648 337 720 atque
360 638 479 700 hausit.
526 639 764 722 Tryphaenam
789 647 901 700 autem
925 657 1030 719 prope
1052 637 1119 699 iam

167 741 349 805 fidelissimi
395 751 577 824 rapuerunt
623 741 719 816 serui,
768 742 979 822 scaphaeque
1028 741 1217 823 impositam

129 867 243 921 scum
274 836 419 908 maxima
450 845 655 909 sarcinarum
688 854 783 926 parte
815 844 982 908 abduxere
1015 845 1218 908 certissimae

168 949 266 1012 morti

168 1157 346 1239 applicitus
373 1177 448 1220 cum
473 1157 617 1220 clamore
644 1155 723 1220 fleui
749 1166 784 1220 et
811 1156 902 1219 ‘hoc’
929 1155 1066 1238 inquam
1094 1162 1130 1219 ‘a
1157 1156 1220 1219 diis

168 1261 358 1336 meruimus,
385 1271 422 1323 ut
447 1281 510 1323 nos
537 1261 608 1323 sola
634 1270 740 1323 morte
767 1260 1033 1341 coniungerent?
1066 1261 1125 1323 sed
1152 1281 1219 1323 non

168 1365 312 1428 crudelis
332 1365 468 1427 fortuna
483 1363 644 1428 concedit.
692 1384 770 1427 ecce
789 1364 854 1426 iam
871 1373 976 1427 ratem
993 1364 1114 1427 fluctus
1130 1384 1220 1427 euer-

118 1500 146 1533 10
168 1479 225 1544 tet,
243 1489 320 1532 ecce
343 1469 409 1531 iam
426 1469 600 1550 amplexus
622 1468 804 1530 amantium
829 1468 948 1530 iratum
971 1468 1098 1531 diuidet
1118 1488 1218 1531 mare.

168 1573 276 1654 igitur,
297 1573 325 1635 si
347 1592 426 1635 uere
449 1572 636 1653 Encolpion
658 1571 809 1647 dilexisti,
827 1571 870 1634 da
889 1573 1012 1647 oscula,
1030 1570 1109 1634 dum
1132 1572 1219 1648 licet,

169 1684 199 1738 et
211 1676 361 1739 ultimum
379 1677 441 1739 hoc
458 1675 616 1757 gaudium
632 1676 711 1738 fatis
728 1676 983 1757 properantibus
999 1676 1100 1757 rape.’
1137 1676 1219 1739 haec

169 1790 205 1843 ut
228 1801 291 1861 ego
314 1779 389 1855 dixi,
408 1778 508 1843 Giton
531 1789 659 1842 uestem
680 1779 844 1860 deposuit,
861 1799 1002 1861 meaque
1018 1780 1131 1842 tunica
1146 1799 1221 1842 con-

168 1894 276 1947 tectus
292 1883 419 1946 exeruit
438 1883 481 1945 ad
504 1884 654 1945 osculum
673 1892 783 1965 caput.
830 1893 864 1946 et
880 1903 923 1946 ne
940 1883 986 1946 sic
1002 1884 1221 1946 cohaerentes

118 2016 145 2062 15
169 1987 344 2068 malignior
375 1987 496 2049 fluctus
526 1986 734 2063 distraheret,
763 1997 941 2068 utrumque
972 2007 1056 2049 zona
1086 1987 1222 2050 circum-

169 2091 315 2154 uenienti
331 2073 519 2172 praecinxit
530 2100 564 2153 et
581 2090 623 2153 ‘si
638 2089 721 2153 nihil
737 2090 835 2166 aliud,
854 2100 944 2153 certe
960 2089 1097 2153 diutius'
1115 2090 1222 2172 inquit

171 2195 314 2257 ‘iunctos
337 2215 399 2257 nos
422 2215 514 2257 mare
545 2195 641 2270 feret,
666 2194 719 2256 uel
747 2193 775 2256 si
801 2194 943 2257 uoluerit
968 2194 1154 2256 misericors
1178 2194 1220 2256 ad

169 2298 257 2361 idem
284 2298 361 2361 litus
388 2298 563 2380 expellere,
591 2307 650 2361 aut
680 2297 886 2380 praeteriens
913 2298 1031 2380 aliquis
1058 2297 1221 2360 tralaticia

170 2402 376 2464 humanitate
399 2401 568 2484 lapidabit,
586 2411 644 2464 aut
659 2402 748 2483 quod
771 2401 924 2464 ultimum
941 2411 992 2464 est
1010 2401 1101 2464 iratis
1121 2401 1220 2464 etiam

117 2538 146 2570 ω
169 2506 333 2582 fluctibus,
367 2505 562 2588 imprudens
597 2507 723 2568 harena
757 2507 954 2586 componet'
1016 2505 1125 2587 patior
1158 2525 1221 2585 ego

169 2610 338 2674 uinculum
369 2619 564 2685 extremum,
596 2619 629 2672 et
659 2609 765 2672 ueluti
798 2609 884 2672 lecto
919 2609 1052 2672 funebri
1087 2617 1221 2689 aptatus

169 2725 308 2796 expecto
336 2723 477 2777 mortem
504 2713 570 2776 iam
597 2734 665 2777 non
691 2713 875 2776 molestam.
932 2712 1062 2794 peragit
1088 2712 1221 2774 interim

168 2828 351 2900 tempestas
378 2818 537 2881 mandata
563 2818 708 2880 fatorum
736 2837 918 2898 omnesque
945 2816 1100 2898 reliquias
1125 2816 1221 2878 nauis

169 2932 349 3003 expugnat.
412 2942 480 2984 non
511 2921 609 2984 arbor
635 2931 707 2984 erat
737 2921 859 2996 relicta,
887 2941 954 2983 non
985 2920 1220 3001 gubernacula,

118 3055 146 3101 25
170 3046 237 3088 non
269 3025 359 3088 funis
390 3034 448 3088 aut
478 3045 598 3101 remus,
629 3025 688 3088 sed
719 3024 814 3106 quasi
844 3024 935 3087 rudis
967 3033 1067 3106 atque
1097 3023 1222 3086 iniecta

171 3129 325 3192 materies
348 3128 417 3192 ibat
440 3149 515 3192 cum
539 3127 695 3192 fluctibus

689 3255 705 3290 ἦ

215 3356 407 3418 procurrere
417 3336 600 3418 piscatores
611 3335 759 3418 paruulis
769 3335 916 3417 expediti
925 3334 1068 3415 nauigiis
1078 3332 1120 3396 ad
1132 3353 1223 3415 prae-

171 3440 247 3502 dam
269 3441 472 3521 rapiendam.
527 3441 649 3503 deinde
671 3449 708 3501 ut
729 3440 857 3521 aliquos
879 3439 1043 3513 uiderunt,
1064 3438 1121 3519 qui
1145 3456 1222 3500 suas

171 3564 253 3625 opes
269 3545 500 3618 defenderent,
514 3552 728 3606 mutauerant
743 3541 970 3605 crudelitatem
987 3542 1020 3603 in
1037 3540 1193 3603 auxilium

690 3669 707 3704 ἢ
