2684 4094
600 275 721 324 vAuno
1171 279 1188 342 7
1193 280 1209 342 3

218 431 278 494 sed
295 431 394 495 etiarn
405 432 541 504 Teucer
559 432 634 495 Liui
651 442 727 514 post
743 453 849 496 annos
865 433 931 496 XV
948 432 990 495 ab
1007 432 1075 495 suis
1091 432 1148 514 qui
1170 432 1212 497 sit

218 534 396 617 ignoretur.
864 562 1207 632 van.1.1.V11.3u.]

109 729 168 782 ‘He
181 730 203 781 is
216 731 365 783 astonished
378 738 402 782 to
413 730 478 798 find
490 730 592 783 instead
601 731 636 799 of
644 730 684 783 trs
696 731 880 784 ornanti-skorit
894 731 964 798 boy's
974 731 1041 782 bend
1051 747 1086 782 on
1096 731 1141 782 old
1150 731 1212 782 bata

212 826 282 885 pate,
296 817 354 869 with
368 834 404 869 on
418 817 481 887 11qu
493 826 571 869 snout
582 819 638 869 and
650 834 745 886 sauoye
759 817 1132 887 bristleslilceohedpe12095'

110 938 183 1001 186.
261 956 297 999 se
321 936 547 1018 circumspexe
571 945 671 1018 atque
695 936 872 1011 inuenisse,
897 956 942 1011 se,
967 956 1043 999 cum
1066 935 1210 999 dormire

216 1040 382 1121 coepisset
412 1050 480 1102 tam
512 1039 629 1120 glaber
656 1060 755 1122 quam
789 1041 952 1116 Soc'ranes,
978 1060 1052 1103 esse
1083 1040 1210 1102 factum
1290 1075 1295 1084 ,

216 1144 352 1207 ericium
369 1164 444 1206 cum
461 1143 536 1226 pilis
552 1143 645 1218 albis,
663 1164 738 1206 curn
755 1144 961 1226 proboscide.

898 1248 971 1299 Non.
989 1245 1045 1298 106.
1062 1259 1108 1315 153
1128 1259 1171 1315 49.
1185 1260 1209 1313 3.

248 1366 318 1418 ‘But
330 1367 360 1418 he
373 1366 396 1417 is
408 1366 462 1417 still
474 1383 544 1418 more
557 1366 706 1419 ostonished
718 1375 744 1418 ot
757 1367 798 1419 tte
810 1367 910 1435 chonpe
924 1365 952 1418 in
965 1365 1071 1419 Rome-⁹
1146 1389 1150 1395 ·

110 1487 183 1563 187.
263 1487 404 1547 Romam
421 1504 594 1565 regressus
610 1485 655 1547 ibi
670 1485 751 1547 nihil
765 1485 894 1548 offendi
906 1485 995 1568 quod
1008 1495 1087 1548 ante
1103 1504 1209 1548 annos

216 1589 468 1671 quinquaginta,
486 1609 562 1652 cum
579 1588 722 1671 primum
738 1588 882 1652 dormire
898 1589 1002 1671 coepi,
1021 1588 1146 1671 reliqui.

1024 1692 1096 1742 Non.
1111 1704 1170 1759 359.
1187 1703 1208 1741 1.

155 1810 286 1863 ‘Lucrina
298 1819 402 1878 opstare,
409 1810 544 1879 formerly
557 1827 574 1862 a
586 1810 710 1881 weddinp
722 1810 789 1873 dish,
803 1827 849 1863 ore
862 1828 919 1863 now
931 1811 1061 1878 eoeryduy
1068 1809 1155 1878 fure)

110 1932 182 1995 188.
216 1939 295 1992 tunc
313 1926 449 2012 nuptiae
467 1928 624 1992 uidebant
641 1927 783 1993 ostreim
802 1928 980 1991 Lucrinam
1004 1977 1011 1990 .
1037 1978 1043 1990 .
1069 1977 1075 1990 .

1022 2031 1096 2082 Non.
1110 2028 1169 2082 216.
1183 2042 1208 2093 4.

106 2151 178 2204 ‘For
189 2151 279 2215 witich,
292 2151 471 2221 accordinply,
486 2152 526 2202 the
538 2151 670 2218 bonkrupt
684 2151 784 2219 plution
800 2150 904 2217 silently
917 2166 1046 2218 preparas
1063 2150 1103 2201 the
1124 2150 1209 2201 incen-

561 2238 641 2305 diary
659 2238 750 2290 torci!

108 2359 181 2438 189.
215 2407 222 2419 .
248 2407 255 2419 .
281 2407 288 2419 .
314 2357 426 2420 ‘adest
442 2358 516 2420 faxs
533 2355 682 2420 inuoluta
697 2356 889 2419 incendio!'

863 2459 936 2511 Non.
954 2471 1010 2510 112.
1024 2472 1073 2523 223
1092 2456 1151 2523 328.
1166 2470 1207 2509 21.

106 2586 113 2611 ‘
126 2579 211 2632 While
223 2580 355 2649 formerly
367 2580 406 2632 tire
419 2579 513 2648 sother
524 2579 648 2647 disposed
660 2578 694 2647 of
706 2578 746 2630 tis
761 2579 816 2646 boy,
830 2596 888 2630 noro
903 2579 943 2629 tlte
958 2579 1076 2646 disposui
1089 2578 1111 2628 is
1124 2587 1208 2629 troas·

169 2666 265 2735 ferred
278 2676 301 2719 to
314 2668 354 2719 the
366 2668 458 2718 latter:
476 2667 507 2719 te
516 2666 641 2734 dispones,
647 2665 777 2734 forsooth,
791 2665 825 2734 of
831 2665 871 2717 tta
877 2665 971 2734 father
983 2666 1014 2733 by
1023 2664 1137 2733 poison!
1212 2676 1218 2683 ‘

108 2805 181 2866 190.
259 2804 347 2848 nunc
364 2785 437 2866 quis
454 2795 581 2865 patrem
595 2784 711 2847 decem
729 2804 892 2847 annorum
909 2793 1008 2845 natus
1024 2804 1091 2846 non
1108 2782 1207 2845 modo

215 2889 333 2964 aufert,
351 2889 409 2951 sed
426 2889 519 2964 tollit,
537 2887 601 2951 nisi
617 2888 771 2951 ueneno?
878 2931 951 2981 Non.
964 2940 1025 2992 407·
1039 2928 1070 2993 33
1091 2941 1150 2992 422,
1168 2926 1206 2979 15,

354 3092 427 3145 ‘The
441 3093 572 3145 comitium
586 3093 633 3145 iios
645 3093 746 3145 become
759 3109 794 3144 on
808 3093 957 3162 erchanpa'

107 3233 180 3293 191.
215 3212 271 3275 ubi
286 3223 356 3275 tum
373 3212 506 3275 comitia
521 3211 698 3286 habebant,
716 3211 761 3274 ibi
777 3232 866 3274 nunc
883 3212 918 3273 fit
934 3220 1108 3273 mercatus

849 3315 924 3365 Non.
940 3326 1000 3362 212.
1016 3326 1065 3379 253
1085 3325 1147 3378 431.
1165 3325 1204 3378 13.

270 3433 344 3484 ‘Tire
357 3433 480 3485 crimino!
493 3433 583 3485 triola
596 3433 665 3485 mine
679 3433 713 3501 os
719 3435 781 3502 qnid
787 3432 838 3501 for
850 3434 890 3483 the
898 3433 1041 3500 jurymenff

108 3571 182 3634 192.
214 3552 332 3615 auidus
348 3552 447 3614 iudex
462 3571 554 3614 reum
572 3552 715 3614 ducebat
731 3571 804 3614 esse
823 3547 946 3612 ’κοινὸν
959 3546 1103 3632 Ἑρμῆν.’

996 3654 1070 3705 Non.
1086 3651 1147 3718 283.
1164 3663 1205 3716 17.
