2684 4094
565 266 734 318 Arvnmvs
1142 274 1197 340 151

132 409 268 490 'damus
288 424 331 489 ad
351 424 495 501 maritos,
513 435 546 489 et
567 426 653 489 lares
675 446 842 508 pauperes
863 427 1003 503 nostros,
1022 429 1080 490 sed
1100 431 1199 509 plane

150 513 285 606 sobrios,
310 529 504 605 reuisamus,
529 530 673 611 donique
697 530 952 610 cogitationibus
980 533 1200 613 pressioribus

150 634 330 698 instructae
346 634 388 709 ad
405 633 594 715 superbiam
611 628 833 714 poeniendam
850 634 1030 698 firmiores!

195 721 247 802 1r.
272 738 382 820 placet
402 758 463 819 pro
484 737 572 800 bono
597 738 727 800 duabus
748 738 843 801 malis
867 740 990 801 malum
1014 741 1196 817 consilium,

111 869 125 913 s
148 827 292 926 totisque
318 841 382 905 illis
408 851 477 905 tam
505 841 659 923 pretiosis
686 842 878 906 muneribus
908 843 1120 920 absconditis
1148 866 1200 908 co-

128 966 238 1010 mam
266 940 446 1022 trahentes,
475 955 509 1009 et
539 946 679 1029 proinde
710 955 747 1009 ut
777 947 999 1022 merebantur,
1028 969 1086 1010 ora
1117 950 1199 1011 lace-

148 1060 270 1128 rantes,
299 1049 471 1114 simulatos
497 1049 726 1131 redintegrant
749 1050 855 1114 fletus.
903 1071 941 1114 ac
969 1050 1015 1114 sic
1043 1063 1199 1133 parentes

146 1173 289 1238 quoque,
310 1154 517 1218 redulcerato
538 1174 690 1236 prorsum
712 1154 834 1230 dolore,
855 1155 975 1236 raptim
996 1155 1197 1230 deserentes

149 1257 286 1322 uesania
308 1257 460 1339 turgidae
483 1257 603 1320 domus
626 1277 703 1321 suas
727 1258 941 1333 contendunt,
964 1258 1076 1320 dolum
1101 1260 1199 1321 scele-

102 1391 126 1424 ιο
149 1372 247 1438 stum,
264 1360 365 1424 immo
385 1381 465 1425 uero
487 1360 709 1443 parricidium,
727 1370 893 1424 struentes
914 1371 1030 1424 contra
1052 1382 1198 1425 sororem

149 1465 323 1529 insontem.

193 1568 319 1633 interea
350 1570 503 1654 Psychen
540 1568 678 1632 maritus
709 1568 763 1631 ille
797 1588 895 1652 quem
930 1570 1036 1632 nescit
1068 1591 1198 1632 rursum

150 1672 219 1737 suis
236 1673 300 1738 illis
319 1672 490 1737 nocturnis
512 1672 720 1736 sermonibus
740 1667 788 1734 sic
810 1683 1017 1735 commonet:
1043 1674 1199 1737 ‘uidesne

149 1788 310 1859 quantum
331 1777 391 1841 tibi
413 1777 597 1859 periculum
621 1776 777 1839 uelitatur
801 1777 950 1838 Fortuna
973 1777 1126 1840 eminus?
1149 1799 1198 1854 ac,

101 1910 124 1956 ις
149 1880 212 1943 nisi
231 1881 331 1963 longe
350 1880 487 1943 firmiter
501 1900 692 1962 praecaues,
710 1900 786 1942 mox
805 1879 990 1943 comminus
1009 1882 1200 1961 congredie-

148 1994 210 2048 tur.
254 1985 400 2067 perfidae
412 1984 547 2066 lupulae
563 1983 694 2064 magnis
711 1983 884 2046 conatibus
901 1984 1047 2047 nefarias
1063 1985 1200 2047 insidias

149 2088 208 2153 tibi
224 2099 427 2171 comparant,
445 2109 586 2172 quarum
602 2108 732 2150 summa
748 2097 807 2162 est,
825 2098 862 2149 ut
878 2098 911 2151 te
928 2089 1091 2151 suadeant
1107 2109 1200 2152 meos

149 2193 320 2275 explorare
333 2193 453 2268 uultuS,
465 2213 558 2275 quos
573 2201 609 2254 ut
620 2191 681 2255 tibi
694 2211 795 2273 saepe
808 2191 965 2272 praedixi,
979 2212 1046 2254 non
1059 2193 1198 2267 uidebis

149 2295 178 2359 si
193 2295 324 2360 uideris.
371 2316 452 2378 ergo
476 2296 584 2378 igitur,
600 2296 628 2359 si
644 2296 785 2377 posthac
805 2295 971 2377 pessimae
988 2296 1064 2358 illae
1080 2297 1199 2359 lamiae

100 2433 126 2466 ω
149 2400 255 2465 noxiis
281 2400 399 2464 animis
426 2410 574 2463 armatae
600 2399 754 2462 uenerint
780 2398 932 2479 (uenient
959 2409 1081 2475 autem,
1107 2398 1198 2482 scio),

149 2525 259 2588 neque
274 2505 409 2568 omnino
425 2524 613 2568 sermonem
630 2505 802 2579 conferas;
827 2513 869 2578 et,
887 2503 915 2565 si
930 2503 964 2565 id
979 2503 1120 2566 tolerare
1140 2525 1200 2585 pro

149 2610 295 2692 genuina
314 2607 525 2690 simplicitate
545 2627 672 2690 proque
694 2606 796 2669 animi
816 2606 866 2670 tui
888 2606 1109 2670 teneritudine
1133 2628 1199 2669 non

150 2712 306 2796 potueris,
331 2723 421 2775 certe
448 2713 489 2775 de
517 2710 635 2774 marito
658 2711 704 2772 nil
728 2710 904 2794 quicquam
929 2711 982 2773 uel
1007 2711 1122 2773 audias
1145 2712 1199 2772 uel

149 2818 362 2899 respondeas.
410 2836 487 2878 nam
509 2825 542 2879 et
561 2814 723 2878 familiam
748 2823 896 2877 nostram
918 2814 984 2876 iam
1005 2815 1201 2896 propagabi-

100 2951 126 2998 ις
150 2941 233 2997 mus,
245 2929 279 2983 et
294 2920 347 2984 hic
363 2921 473 2983 adhuc
488 2918 651 2982 infantilis
668 2929 781 2981 uterus
797 2926 908 2998 gestat
923 2917 1019 2980 nobis
1034 2918 1199 2981 infantem

150 3025 260 3101 alium,
293 3024 321 3087 si
351 3024 471 3088 texeris
498 3032 612 3088 nostra
642 3032 771 3086 secreta
801 3021 941 3097 silentio,
971 3021 1140 3098 diuinum;
1173 3022 1201 3084 si

150 3128 391 3212 profanaueriS,
409 3127 603 3191 mortalem’

196 3251 249 3297 12.
274 3233 391 3296 nuntio
420 3232 548 3316 Psyche
575 3231 663 3294 laeta
685 3229 833 3306 florebat,
858 3238 892 3293 et
919 3228 1051 3293 diuinae
1079 3229 1201 3292 sobolis

151 3337 272 3402 solacio
294 3337 482 3418 plaudebat,
501 3346 534 3399 et
552 3334 656 3399 futuri
676 3333 825 3417 pignoris
848 3333 953 3416 gloria
976 3333 1150 3414 gestiebat,
1168 3344 1202 3396 et

99 3472 128 3518 30
151 3441 293 3505 materni
323 3440 466 3504 nominis
497 3439 660 3521 dignitate
690 3437 866 3520 gaudebat.
916 3448 1103 3500 crescentes
1130 3437 1201 3501 dies

150 3556 184 3610 et
204 3565 337 3609 menses
358 3553 518 3608 exeuntes
539 3543 636 3605 anxia
659 3551 821 3616 numerat,
840 3551 872 3604 et
896 3541 1046 3603 sarcinae
1070 3540 1202 3603 nesciae

151 3649 339 3713 rudimento
355 3648 492 3711 miratur
508 3648 549 3709 de
569 3646 663 3710 breui
684 3646 843 3728 punctulo
868 3654 997 3708 tantum
1022 3645 1203 3709 incremen-
