2684 4094
165 295 226 363 170
424 292 637 343 rnaounms
658 292 852 343 oritorum
875 291 1002 342 sarnus
1048 261 1050 264 ’

213 457 246 511 et
269 448 378 532 capite
403 459 626 532 conquassato
646 448 793 530 grauiter
814 442 939 530 affligit.
986 457 1020 512 et
1039 449 1272 530 accepto-tru-

212 561 325 616 mento
346 563 380 616 et
398 552 523 616 hordeo
544 563 578 616 et
601 551 691 616 milio
709 561 744 616 et
761 571 930 635 papauere
949 561 982 616 et
1001 552 1108 615 cicere
1126 563 1162 615 et
1178 553 1271 616 lente

213 666 246 722 et
261 656 341 720 laba
357 655 609 740 commixtisque
628 656 819 732 aceruatim,
836 655 985 719 confusis
1006 655 1041 718 in
1064 676 1169 718 unum
1193 677 1272 737 gru-

213 762 338 824 mulum
362 761 409 824 sic
430 761 473 823 ad
495 760 605 824 illam:
634 759 775 823 ‘uideris
798 759 886 822 enim
910 759 992 822 mihi
1013 770 1082 822 tarn
1106 759 1273 823 deformis

174 895 188 940 5
212 865 331 928 ancilla
348 864 438 927 nullo
454 863 528 939 alio,
546 864 605 927 sed
621 873 752 927 tantum
769 863 886 927 sedulo
903 862 1084 932 ministerio
1100 873 1271 927 amatores

212 978 287 1032 tuos
315 967 514 1050 promereri:
547 967 612 1030 iarn
639 987 720 1049 ergo
747 974 781 1030 et
807 966 882 1048 ipsa
908 968 1041 1048 frugem
1064 976 1159 1051 tuam
1185 966 1272 1048 peri-

213 1073 358 1136 clitabor.
405 1072 557 1135 discerne
585 1071 749 1134 seminum
776 1071 915 1133 istorum
946 1070 1115 1152 passiuam
1148 1090 1272 1152 conge-

212 1177 302 1252 riem,
328 1175 534 1258 singulisque
558 1174 672 1257 granis
699 1174 760 1238 rite
787 1173 958 1256 dispositis
981 1183 1081 1256 atque
1106 1173 1272 1256 seiugatis

136 1274 163 1326 ’-
212 1290 289 1343 ante
312 1280 411 1343 istam
434 1299 612 1362 uesperam
636 1299 722 1361 opus
746 1277 937 1359 expeditum
959 1277 1143 1360 approbato
1164 1278 1269 1341 mihi’

161 1385 259 1447 rosio
289 1385 460 1466 assignato
490 1393 659 1448 tantorum
690 1381 855 1446 seminum
889 1383 1023 1445 cumulo
1053 1381 1127 1464 ipsa
1163 1402 1272 1457 cenae

212 1485 351 1551 nubtiali
375 1487 548 1551 concessit.

255 1611 317 1655 nec
342 1590 475 1676 Psyche
501 1611 621 1655 manus
652 1589 829 1658 admolitur
859 1589 1048 1654 inconditae
1079 1589 1126 1653 illi
1157 1599 1193 1654 et
1225 1590 1272 1654 in-

212 1695 394 1759 extricabili
420 1694 507 1771 moli,
533 1695 593 1759 sed
620 1694 826 1759 immanitate
854 1693 1025 1775 praecepti
1052 1703 1272 1758 consternata

212 1800 313 1863 silens
343 1797 559 1881 obstupescit.
598 1806 686 1862 'tunc
713 1797 888 1862 formicula
915 1797 970 1860 illa
998 1797 1137 1879 paruula
1165 1807 1271 1881 atque

161 1932 187 1979 ις
212 1904 360 1980 ruricola,
378 1913 469 1967 certa
485 1902 687 1966 difficultatis
703 1911 817 1965 tantae
827 1901 1022 1983 laborisque
1038 1900 1174 1963 miserta
1194 1922 1272 1965 eon-

71 1990 75 1997 ’
211 2007 393 2070 tubemalis
429 2006 543 2088 magni
577 2006 632 2071 dei
669 2025 850 2087 socrusque
888 2004 1062 2068 saeuitiam
1100 2016 1268 2081 execrata,

212 2112 400 2175 discurrens
427 2111 557 2174 nauiter
583 2120 746 2174 conuocat
773 2119 993 2191 corrogatque
1020 2117 1175 2172 cunctam
1205 2110 1271 2173 for-

212 2216 371 2279 micarum
393 2215 581 2278 accolarum
600 2214 760 2277 classem:
787 2213 1015 2289 ‘miseremini
1032 2222 1141 2276 terrae
1164 2213 1271 2277 omni-

212 2320 359 2402 parentis
383 2319 488 2400 agiles
511 2319 674 2394 alumnae,
700 2317 911 2393 miseremini,
937 2326 970 2380 et
997 2316 1133 2380 Amoris
1161 2317 1267 2394 uxori,

158 2455 187 2486 ω
212 2423 342 2505 puellae
368 2422 508 2504 lepidae,
533 2421 733 2504 periclitanti
758 2431 914 2504 prompta
936 2422 1112 2486 uelocitate
1136 2441 1270 2485 succur-

211 2527 292 2589 rite'
338 2536 440 2588 ruunt
465 2525 548 2588 aliae
573 2546 740 2610 superque
768 2525 852 2589 aliae
879 2525 1041 2608 sepedum
1064 2525 1269 2607 populorum

212 2631 331 2706 undae,
360 2650 555 2712 summoque
579 2631 689 2695 studio
717 2630 869 2713 singulae
899 2630 1063 2711 granatim
1090 2639 1199 2693 totum
1224 2630 1270 2693 di-

157 2777 158 2780 *
212 2743 332 2816 gerunt
369 2754 535 2810 aceruum,
569 2735 816 2816 separatimque
854 2732 1037 2796 distributis
1074 2731 1269 2818 dissitisque

211 2836 388 2919 generibus
420 2857 438 2899 e
472 2849 654 2921 conspectu
690 2838 868 2921 perniciter
902 2838 1034 2901 abeunt.
1118 2856 1170 2901 11.
1207 2839 1269 2902 sed

159 2970 186 3017 25
211 2942 303 3004 initio
319 2941 426 3004 noctis
442 2961 460 3004 e
477 2942 631 3006 conuiuio
648 2943 789 3025 nuptiali
806 2943 882 3007 uino
899 2942 1037 3006 madens
1056 2950 1090 3005 et
1108 2942 1270 3023 fragrans

211 3045 361 3108 balsama
379 3047 495 3109 Venus
517 3057 644 3110 remeat
666 3056 840 3129 totumque
864 3047 1014 3110 reuincta
1037 3065 1158 3126 corpus
1182 3046 1270 3110 rosis

212 3148 420 3225 micantibus
442 3149 579 3233 uisaque
604 3150 776 3233 diligentia
795 3151 870 3213 miri
888 3150 1019 3225 laboris,
1039 3154 1126 3212 ‘non
1147 3151 1269 3226 tuum,’

211 3253 326 3336 inquit,
349 3253 589 3338 '‘nequissima,
619 3275 680 3318 nec
707 3264 839 3317 tuarum
867 3274 1025 3317 manuum
1052 3253 1141 3317 istud
1169 3274 1270 3336 opuS,

212 3359 270 3421 sed
297 3357 383 3420 illius
411 3357 464 3421 cui
491 3369 559 3434 tuo,
583 3358 685 3422 immo
709 3368 743 3421 et
765 3359 870 3440 ipsius
894 3359 989 3433 malo,
1010 3354 1185 3439 placuisti.'
1235 3368 1273 3422 et

158 3492 188 3537 30
211 3463 318 3525 frusto
331 3460 445 3525 cibarii
458 3462 553 3544 panis
569 3462 600 3525 ei
616 3462 763 3543 proiecto
780 3462 927 3525 cubitum
939 3461 1084 3525 facessit.
1131 3460 1273 3526 interim

212 3565 343 3647 Cupido
370 3566 460 3629 solus
488 3566 651 3629 interioris
679 3567 798 3630 domus
826 3566 914 3630 unici
940 3564 1083 3629 cubiculi
1113 3566 1274 3631 custodia

212 3671 345 3734 clausus
362 3669 600 3733 cohercebatur
615 3670 741 3746 acriter,
760 3670 880 3753 partim
896 3690 939 3732 ne
957 3668 1120 3751 petulanti
1137 3667 1274 3736 luxurie
