2684 4094
416 300 418 310 '
457 299 650 349 PETRONIVS
662 298 827 347 'ARBITER
1150 302 1189 369 95

143 457 219 520 lare.
266 465 299 520 et
315 476 393 520 ecce
410 456 553 519 habituri
570 476 684 519 sumus
701 477 821 518 munus
838 457 1021 520 excellente
1036 457 1071 519 in
1083 458 1192 521 triduo

104 610 106 614 .
143 559 195 623 die
212 561 317 637 iesta;
342 559 469 622 familia
485 580 552 622 non
569 559 741 634 lanisticia,
760 560 819 623 sed
838 560 972 641 plurimi
994 560 1111 623 liberti.
1159 573 1192 624 et

104 714 107 719 .
142 662 238 728 Titus
265 674 379 727 noster
405 684 563 745 magnum
590 663 737 726 animum
765 663 922 727 habetet
945 674 996 727 est
1019 665 1192 728 caldicere-

141 767 263 832 brius:
282 778 339 831 aut
366 769 429 831 hoc
457 778 514 830 aut
545 768 627 830 illud
658 767 728 840 erit,
757 767 835 849 quid
867 767 989 850 utique.
1037 789 1114 831 nam
1145 769 1191 831 illi

102 903 117 946 5
141 872 341 935 domesticus
358 892 440 946 surn,
458 892 525 934 non
541 881 593 934 est
609 870 731 934 miscix.
779 871 905 936 ferrum
921 871 1084 953 optimum
1100 874 1192 934 datu-

117 1026 119 1030 a
142 997 196 1040 rus
220 986 279 1051 est,
305 976 376 1038 sine
400 976 490 1057 fuga,
515 975 700 1037 carnarium
724 976 757 1037 in
781 975 901 1051 medio,
926 985 962 1038 ut
986 976 1191 1057 amphithea-

101 1129 103 1133 ,
141 1087 226 1142 trum
244 1079 362 1142 uideat.
410 1088 443 1142 et
459 1078 560 1141 habet
576 1079 683 1141 unde:
707 1078 858 1142 relictum
875 1089 925 1141 est
941 1078 987 1140 illi
1003 1081 1190 1143 sestertium

103 1230 106 1238 ,
141 1183 317 1258 tricenties,
342 1183 485 1246 decessit
513 1182 598 1245 illius
626 1191 722 1263 pater
745 1182 840 1245 male.
888 1193 924 1245 ut
948 1183 1190 1265 quadringenta

104 1310 106 1312 ’
141 1287 320 1368 impendat,
339 1307 405 1349 non
422 1286 543 1349 sentiet
562 1286 797 1367 patrimonium
817 1286 912 1362 illius,
930 1297 963 1350 et
987 1287 1189 1369 sempiterno

89 1422 117 1454 10
140 1391 371 1454 nominabitur.
423 1390 489 1452 iam
518 1390 651 1455 Manios
678 1390 804 1473 aliquot
829 1391 942 1454 habet
958 1401 992 1454 et
1018 1392 1189 1454 mulierem

140 1495 341 1558 essedariam
358 1505 390 1557 et
410 1494 675 1576 dispensatorem
695 1493 863 1579 Glyconis,
881 1495 937 1577 qui
960 1495 1189 1576 deprehensus

140 1609 199 1675 est,
224 1619 299 1662 curn
327 1598 495 1661 dominam
524 1619 617 1661 suam
645 1598 875 1662 delectaretur.
923 1599 1051 1662 uidebis
1075 1601 1190 1682 populi

139 1703 243 1764 rixam
268 1702 354 1765 inter
378 1702 549 1786 zelotypos
576 1712 610 1764 et
634 1702 888 1765 amasiunculos.
937 1688 1042 1787 Glyco
1067 1714 1187 1779 autern,

140 1806 360 1869 sestertiarius
376 1807 485 1881 homo,
500 1806 765 1887 dispensatorem
782 1806 824 1868 ad
840 1806 963 1869 bestias
979 1807 1078 1869 dedit.
1126 1808 1189 1870 hoc

88 1939 114 1985 15
140 1921 191 1974 est
207 1931 242 1973 se
259 1911 368 1992 ipsum
384 1910 568 1973 traducere.
615 1910 694 1991 quid
711 1930 827 1973 seruus
849 1911 1001 1992 peccauit
1020 1911 1076 1993 qui
1099 1932 1189 1975 coac-

139 2025 193 2077 tus
220 2024 271 2077 est
302 2014 436 2077 iacere?
467 2013 573 2095 magis
604 2013 659 2076 illa
688 2014 823 2076 matella
853 2014 956 2096 digna
986 2014 1059 2090 fuit,
1088 2036 1187 2098 quarn

139 2129 253 2181 taurus
280 2118 426 2181 iactaret.
481 2118 540 2180 sed
567 2118 623 2200 qui
650 2117 781 2180 asinum
808 2138 874 2181 non
902 2128 1021 2200 potest,
1048 2130 1187 2183 stratum

139 2222 255 2285 caedit.
303 2222 381 2304 quid
401 2232 512 2284 autern
532 2221 638 2306 Glyco
658 2222 798 2302 putabat
821 2223 1047 2304 Hermogenis
1068 2224 1187 2286 filicem

140 2346 286 2409 unquam
313 2326 438 2388 bonurn
465 2325 589 2388 exitum
615 2325 802 2388 iacturam?
851 2326 907 2390 illc
934 2327 1034 2390 miluo
1063 2327 1188 2390 uolanti

86 2459 115 2490 ω
139 2440 270 2512 poterat
303 2449 433 2510 ungues
467 2449 636 2505 resecare;
674 2429 809 2493 colubra
839 2439 961 2494 restem
993 2425 1060 2494 non
1092 2432 1185 2512 parit.

139 2535 253 2619 Glyco,
272 2536 378 2618 Glyco
397 2533 488 2597 dedit
511 2554 606 2610 suas;
630 2533 742 2616 itaque
766 2534 922 2616 quamdiu
947 2534 1073 2608 uixerit,
1092 2536 1188 2598 habe-

121 2691 123 2695 .
137 2637 186 2701 bit
202 2639 367 2719 stigmam,
384 2657 445 2700 nec
462 2637 551 2699 illam
567 2637 631 2700 nisi
647 2637 756 2701 Orcus
773 2638 903 2700 delebit.
951 2638 1010 2700 sed
1026 2637 1088 2700 sibi
1104 2639 1188 2720 quis-

138 2763 202 2825 que
220 2752 345 2823 peccat.
393 2741 452 2804 sed
468 2741 662 2816 subolfacio,
680 2741 769 2823 quod
785 2741 881 2805 nobis
898 2741 1034 2822 epulum
1050 2741 1187 2805 daturus

137 2856 188 2908 θεῖ
206 2847 406 2920 Mammaea,
419 2844 515 2908 binos
531 2845 685 2907 denarios
701 2844 782 2907 mihi
798 2853 830 2908 et
846 2845 936 2907 meis.
985 2846 1073 2928 quod
1085 2847 1112 2909 si
1125 2849 1187 2909 hoc

85 2979 113 3024 25
137 2950 263 3025 fecerit,
284 2948 401 3030 eripiat
425 2948 585 3011 Norbano
609 2959 715 3012 totum
739 2949 899 3015 fauorem.
947 2949 1032 3012 scias
1057 2961 1187 3031 oportet

137 3054 244 3135 plenis
260 3053 343 3116 uelis
360 3053 448 3116 hunc
465 3052 673 3115 uinciturum.
721 3062 754 3115 et
773 3072 897 3127 reuera,
916 3053 995 3134 quid
1014 3053 1069 3116 ille
1093 3055 1187 3116 nobis

136 3158 215 3221 boni
226 3157 329 3220 fecit?
360 3156 452 3219 dedit
464 3155 666 3238 gladiatores
679 3155 898 3219 sestertiarios
911 3156 976 3218 iarn
990 3157 1185 3238 decrepitos,

137 3282 220 3345 quos
248 3262 276 3324 si
299 3261 476 3335 sufflasseS,
501 3260 716 3337 cecidissent;
748 3260 814 3322 iam
838 3261 989 3323 meliores
1013 3261 1187 3324 bestiarios

137 3365 214 3428 uidi.
262 3365 382 3428 occidit
398 3364 439 3427 de
455 3365 591 3427 lucerna
606 3364 749 3446 equites,
762 3373 898 3445 putares
915 3384 971 3427 eos
991 3365 1097 3445 gallos
1121 3367 1187 3447 gal-

84 3500 113 3545 30
137 3470 283 3533 linaceos
294 3490 301 3544 ;
326 3469 410 3532 alter
427 3468 641 3541 burdubasta,
659 3469 743 3531 alter
765 3468 897 3549 loripes,
915 3468 1081 3530 tertiarius
1105 3490 1187 3531 mor-

109 3570 214 3638 *tuus
242 3594 302 3655 pro
327 3582 466 3645 mortuo,
496 3571 552 3653 qui
580 3572 724 3634 habebat
752 3572 867 3633 neruia
894 3573 1052 3652 praecisa.
1100 3594 1186 3634 unus

137 3677 275 3742 alicuius
292 3677 430 3738 flaturae
448 3675 510 3737 suit
527 3677 668 3750 Thraex,
687 3675 744 3757 qui
760 3685 793 3737 et
810 3675 882 3756 ipse
898 3676 944 3736 ad
959 3676 1092 3736 dictata
1107 3696 1197 3750 Q·
