2684 4094
592 252 721 328 suurvs
807 306 812 323 Α,
1169 253 1205 320 15

105 416 158 490 38.
236 410 310 474 exin
348 398 511 474 Saturnus
539 428 673 471 uxorem
704 407 797 471 duxit
829 408 948 490 Opem.
1005 407 1115 484 Titan,
1151 411 1208 490 qui

192 515 296 578 maior
312 525 392 577 natu
410 523 490 588 erat,
509 512 655 594 postulat
671 522 707 574 ut
723 512 795 593 ipse
817 521 980 593 regnaret.
1028 512 1073 575 ibi
1091 515 1206 589 Vesta,

193 630 299 682 mater
325 639 448 692 eorum,
473 626 507 679 et
534 636 672 690 sorores,
699 617 801 680 Ceres
828 625 928 698 atque
957 616 1040 698 OpS,
1066 619 1208 681 suadent

120 744 124 752 ·
195 724 339 787 Saturno
360 731 396 783 ut
417 722 459 783 de
472 740 584 801 regno
606 740 673 782 non
693 720 855 783 concedat
877 720 980 783 fratri.
1029 721 1074 785 ibi
1096 723 1205 798 Titan,

145 855 158 907 5
194 826 249 908 qui
266 826 351 888 facie
368 825 510 887 deterior
526 833 614 886 esset
627 844 726 905 quarn
744 823 917 899 Saturnus,
931 825 1052 888 idcirco
1069 836 1102 888 et
1118 828 1207 908 quod

116 973 119 977 -
193 929 329 992 uidebat
356 939 494 991 matrem
519 938 619 1009 atque
642 947 772 990 sorores
800 948 877 991 suas
904 950 1040 1010 operam
1069 931 1148 993 dare
1171 941 1207 992 ut

196 1035 360 1098 Saturnus
386 1041 552 1113 regnaret,
578 1031 742 1094 concessit
769 1032 800 1094 ei
826 1042 863 1095 ut
887 1032 915 1095 is
939 1044 1105 1114 regnaret.
1151 1035 1208 1097 ita·

194 1158 258 1220 que
275 1147 393 1218 pactus
410 1146 461 1198 est
476 1156 551 1198 curn
569 1136 723 1211 Saturno
741 1136 789 1198 uti
805 1136 833 1198 si
849 1137 928 1218 quid
949 1137 1087 1201 liberum
1105 1139 1207 1202 uirilis

194 1258 291 1301 sexus
308 1238 339 1300 ei
357 1246 472 1299 natum
494 1245 592 1310 esset,
609 1255 652 1299 ne
673 1237 838 1299 educaret.
885 1237 918 1298 id
942 1237 1012 1299 eius
1036 1239 1083 1300 rei
1106 1258 1208 1300 causa

131 1370 160 1406 10
194 1341 282 1417 fecit,
296 1341 344 1403 uti
357 1341 399 1403 ad
415 1360 493 1403 suos
509 1350 631 1421 gnatos
647 1360 787 1421 regnum
804 1340 934 1404 rediret.
974 1350 1043 1404 tum
1063 1342 1207 1405 Saturno

195 1446 280 1508 filius
302 1445 358 1527 qui
378 1444 504 1525 primus
518 1454 626 1506 ‘natus
649 1453 709 1518 est,
727 1464 803 1506 eum
827 1456 1040 1508 necauerunt.
1088 1447 1207 1509 deinde

195 1549 360 1632 posterius
377 1548 446 1611 nati
463 1558 541 1610 sunt
556 1548 690 1629 gemini,
711 1548 863 1629 Iuppiter
879 1559 978 1630 atque
996 1551 1090 1613 Iuno.
1137 1560 1207 1613 turn

197 1655 359 1716 Iunonem
378 1653 523 1716 Saturno
538 1634 571 1713 in
589 1662 805 1732 conspectum
822 1653 952 1727 dedere,
971 1663 1071 1735 atque
1091 1655 1208 1717 Iouem

195 1758 281 1819 clam
309 1757 528 1830 abscondunt,
553 1756 700 1837 dantque
727 1775 804 1817 eum
830 1757 956 1819 Vestae
987 1758 1207 1833 educandum,

132 1889 160 1940 15
196 1863 343 1924 celantes
375 1861 565 1924 Saturnum.
613 1859 692 1923 item
722 1860 917 1940 Neptunum
945 1862 1031 1923 clam
1063 1862 1209 1925 Saturno

197 1966 270 2047 Ops
287 1965 383 2046 parit,
400 1983 544 2045 eumque
563 1963 751 2026 clanculum
773 1962 954 2025 abscondit.
1001 1965 1044 2027 ad
1065 1967 1209 2028 eundem

197 2070 331 2133 modum
355 2068 452 2131 tertio
476 2078 573 2149 partu
596 2067 670 2148 Ops
694 2066 780 2147 parit
803 2067 953 2147 geminos
979 2068 1153 2132 Plutonem
1177 2080 1210 2133 et

197 2175 368 2238 Glaucam.
426 2172 520 2234 Pluto
547 2170 665 2234 Latine
691 2181 742 2232 est
769 2170 831 2232 Dis
855 2180 969 2252 pater:
1004 2172 1059 2234 alii
1083 2174 1208 2237 Orcum

196 2288 327 2341 uocant.
383 2276 427 2337 ibi
454 2276 616 2340 Glaucam
644 2274 744 2335 filiam
778 2275 921 2338 Saturno
956 2277 1144 2351 ostendunt,
1176 2288 1210 2341 at

132 2409 163 2444 20
196 2381 299 2443 filium
333 2380 506 2443 Plutonem
537 2378 647 2442 celant
679 2387 778 2459 atque
813 2378 1030 2442 abscondunt.
1089 2381 1209 2443 deinde

198 2486 325 2549 Glauca
348 2505 452 2565 parua
476 2483 642 2546 emoritur.
690 2483 772 2544 haec
796 2491 832 2545 ut
858 2483 982 2564 scripta
1009 2494 1094 2559 sunt,
1120 2485 1210 2547 Iouis

197 2589 404 2670 fratrumque
421 2588 491 2650 eius
508 2585 608 2667 stirps
629 2597 729 2668 atque
745 2586 900 2666 cognatio
920 2587 953 2649 in
970 2588 1058 2650 hunc
1075 2589 1210 2651 modum
1295 2579 1302 2600 χ

137 2744 140 2749 .
197 2693 293 2755 nobis
309 2712 348 2754 ex
365 2712 459 2754 sacra
476 2690 655 2772 scriptione
671 2690 793 2752 tradita
808 2699 867 2753 est.
1036 2733 1112 2786 Lm·
1128 2734 1150 2785 1⁸
1168 2747 1209 2798 14·

110 2935 163 2996 39.
241 2936 318 2979 nam
335 2936 410 2979 cum
426 2925 532 2979 terras
548 2915 709 2990 circuiret,
726 2924 763 2977 ut
784 2914 817 2976 in
839 2935 1084 2997 quamcumque
1108 2916 1211 2997 regio-

198 3039 274 3082 nem
298 3031 444 3095 uenerat,
465 3040 563 3101 reges
586 3018 820 3100 principesque
845 3019 1042 3100 populorum
1068 3020 1210 3100 hospitio

199 3122 260 3186 sibi
281 3134 314 3187 et
336 3123 481 3186 amicitia
504 3122 690 3204 copulabat,
708 3132 742 3185 et
765 3142 839 3184 cum
864 3142 884 3184 a
907 3143 1039 3204 quoque
1063 3123 1211 3204 digrede-

198 3237 295 3302 retur,
316 3227 452 3290 iubebat
475 3226 536 3289 sibi
560 3227 676 3288 fanum
700 3225 805 3288 creari
829 3226 968 3307 hospitis
992 3227 1043 3288 sui
1066 3227 1208 3302 nomine,

150 3355 163 3408 5
199 3331 294 3412 quasi
321 3331 366 3392 ita
393 3339 507 3411 posset
530 3330 693 3392 amicitiae
719 3340 751 3392 et
779 3330 923 3392 foederis
951 3331 1109 3416 memoria
1137 3351 1211 3393 con-

199 3435 332 3497 seruari.
380 3434 426 3497 sic
457 3424 637 3497 constituta
668 3443 745 3496 sunt
775 3434 900 3515 templa
933 3434 1004 3495 Ioui
1035 3435 1209 3510 Ataburi0,

200 3539 273 3601 Ioui
299 3538 497 3601 Labrandio.
545 3537 729 3600 Ataburius
753 3537 840 3599 enim
864 3547 897 3599 et
923 3537 1132 3600 Labrandius
1157 3541 1212 3602 ho-

199 3642 304 3724 spites
331 3642 402 3704 eius
429 3652 528 3724 atque
556 3641 724 3703 adiutores
751 3640 784 3701 in
816 3641 902 3703 bello
934 3642 1078 3704 fuerunt.
1132 3642 1211 3704 item
