2684 4094
464 828 544 891 Vll.
584 828 822 892 APVLEIVS

310 1013 650 1069 mffloneflosnou
672 1017 739 1067 ΗΒ.
761 1017 807 1067 1v.
828 1017 926 1068 28-V1.
948 1017 980 1066 24

93 1188 127 1239 In
140 1190 181 1240 tle
195 1188 433 1257 Metamorphoses
446 1189 480 1258 os
487 1187 629 1256 Apuleius,
643 1189 724 1240 wliclt
739 1188 828 1256 betrup
838 1206 875 1240 au
888 1187 1003 1239 intimate
1016 1188 1121 1255 rinsttp
1136 1188 1195 1240 will

146 1277 185 1328 tle
199 1279 297 1325 Λούκιος
311 1273 408 1335 ἣὊνος
420 1275 455 1344 af
466 1274 583 1338 Lucian,
597 1292 614 1327 a
629 1275 730 1327 certain
746 1274 847 1327 Lucius
864 1275 899 1344 as
913 1274 1013 1327 Patrae
1031 1283 1151 1327 narratas
1167 1275 1196 1326 in

70 1393 72 1396 <
148 1381 225 1430 prose
235 1363 275 1415 lis
285 1362 433 1431 wonderful
442 1364 606 1425 adventures,
617 1362 757 1430 especially
766 1361 842 1413 while
855 1362 975 1431 clanped
987 1363 1019 1430 lrp
1029 1377 1063 1413 un
1076 1361 1197 1414 accident

146 1451 180 1518 os
190 1451 371 1502 enclrantment
385 1449 438 1502 into
450 1450 490 1501 tlte
500 1449 576 1518 sarm
589 1449 623 1518 os
635 1466 671 1500 an
683 1466 734 1501 ass.
776 1448 854 1517 Upon
866 1450 906 1501 tlre
918 1450 988 1501 main
1003 1450 1095 1501 tltread
1109 1447 1145 1517 os
1156 1449 1196 1501 tlte

146 1537 280 1589 narrative
292 1554 339 1589 are
350 1545 444 1606 strunp
456 1553 473 1588 a
488 1537 596 1589 number
607 1536 642 1605 os
652 1536 828 1604 independent
844 1537 982 1589 anecrlates
997 1537 1054 1588 ancl
1070 1536 1142 1598 tales,
1155 1537 1196 1588 tlte

146 1633 209 1676 nrast
219 1624 348 1676 elaborate
360 1624 395 1693 os
401 1623 483 1676 wlicl
495 1623 517 1675 is
527 1623 576 1676 llis
589 1623 726 1692 channinp
737 1640 859 1676 romonae
871 1624 906 1693 ns
915 1623 1007 1691 Cupid
1018 1623 1073 1674 and
1086 1620 1195 1691 Psyche.

146 1711 201 1763 'l'lre
213 1720 283 1778 story
295 1711 317 1762 is
329 1711 457 1763 daubtless
473 1710 699 1778 ludaEuropean
713 1710 741 1761 in
755 1710 851 1778 oripin,
864 1710 908 1762 but
924 1711 1012 1762 males
1030 1710 1061 1761 its
1072 1711 1136 1778 first
1153 1728 1197 1779 ap

150 1816 282 1866 pearance
294 1798 322 1848 in
335 1798 468 1849 literature
481 1798 542 1850 lere
555 1797 584 1848 in
596 1797 645 1849 llis
660 1797 749 1866 lipllp
758 1797 878 1865 finislred
889 1797 972 1866 sarm,
986 1797 1013 1848 in
1030 1797 1111 1849 waiet
1129 1798 1149 1848 it
1164 1798 1195 1860 is,

146 1885 294 1954 sinpularlp
312 1885 423 1953 enoupl‚
438 1893 488 1952 put
506 1884 560 1937 into
579 1885 619 1936 tte
637 1886 723 1936 mouth
743 1884 777 1953 ns
791 1902 808 1936 a
828 1884 896 1953 tipsp
914 1885 970 1936 arrd
989 1884 1134 1954 lalfcrazp
1152 1885 1196 1937 old

146 1974 206 2041 lap,
220 1973 275 2024 tulo
287 1973 343 2024 tells
356 1972 376 2023 it
388 1981 413 2024 to
425 1971 535 2023 diventa
548 1971 648 2040 captive
661 1972 733 2024 rnaid
746 1971 774 2023 in
787 1988 803 2023 a
816 1972 925 2024 robbers’
938 1989 1009 2023 cuce.

190 2114 243 2177 28.
270 2121 365 2175 erant
385 2110 419 2174 in
442 2112 585 2193 quadam
607 2110 740 2174 ciuitate
763 2131 821 2174 rex
843 2121 877 2174 et
899 2111 1024 2192 regina.
1074 2111 1107 2173 hi
1127 2120 1195 2174 tres

145 2236 284 2278 numero
310 2215 393 2277 filias
419 2216 528 2277 forma
551 2215 749 2296 conspicuas
774 2215 939 2290 habuere;
971 2215 1029 2277 sed
1054 2215 1195 2278 maiores

145 2320 279 2401 quidem
303 2328 393 2393 natu,
414 2319 567 2400 quamuis
588 2319 777 2400 gratissima
799 2318 919 2400 specie,
939 2318 1059 2381 idonee
1082 2328 1194 2381 tamen

145 2423 304 2486 celebrari
327 2442 426 2503 posse
450 2421 603 2484 laudibus
627 2422 780 2485 humanis
803 2422 1042 2498 credebantur;
1067 2432 1195 2486 atvero

105 2556 119 2602 5
145 2528 275 2608 puellae
310 2525 446 2589 iunioris
484 2534 552 2587 tam
591 2526 780 2608 praecipua,
811 2535 879 2588 tam
918 2526 1089 2608 praeclara
1127 2527 1196 2608 pul-

144 2630 297 2692 chritudo
328 2648 390 2691 nec
421 2628 569 2710 exprimi,
594 2650 632 2692 ac
664 2650 706 2692 ne
737 2629 939 2694 sufficienter
968 2629 1102 2712 quidem
1130 2630 1196 2692 lau-

144 2734 213 2820 dari
238 2733 400 2796 sermonis
424 2733 560 2795 humani
584 2734 723 2815 penuria
746 2744 886 2816 poterat.
934 2734 1028 2796 multi
1051 2734 1195 2817 denique

143 2837 265 2899 ciuium
282 2847 315 2899 et
331 2837 482 2899 aduenae
498 2836 634 2918 copiosi,
652 2858 735 2920 quos
754 2837 863 2900 eximii
882 2837 1065 2919 spectaculi
1084 2858 1196 2900 rumor

143 2940 293 3003 studiosa
324 2939 516 3004 celebritate
545 2941 780 3022 congregabat,
806 2941 996 3004 inaccessae
1023 2941 1196 3005 formonsi-

91 3074 119 3106 10
142 3044 220 3106 tatis
251 3043 469 3107 admiratione
501 3045 634 3126 stupidi,
667 3055 700 3108 et
731 3046 951 3108 admouentes
983 3045 1093 3108 oribus
1128 3045 1195 3107 suis

143 3148 322 3223 dexteram,
341 3148 485 3229 primore
505 3147 609 3228 digito
628 3148 660 3210 in
681 3157 828 3212 erectum
846 3149 1000 3229 pollicem
1018 3149 1194 3222 residente,

143 3261 179 3314 ut
203 3252 310 3333 ipsam
337 3271 472 3332 prorsus
497 3252 595 3314 deam
619 3253 785 3316 Venerem
811 3252 972 3332 religiosis
1000 3252 1195 3315 adorationi-

142 3355 204 3418 bus
221 3404 355 3418 ......
399 3355 531 3437 iamque
545 3355 711 3437 proximas
725 3355 875 3418 ciuitates
889 3365 922 3418 et
935 3356 1079 3436 attiguas
1092 3355 1196 3436 regio-

144 3479 204 3523 nes
223 3460 315 3522 iama
337 3468 540 3540 peruaserat,
559 3458 655 3520 deam
677 3479 776 3540 quam
799 3460 966 3521 caerulum
990 3459 1194 3540 profundum

91 3594 117 3643 ις
143 3564 254 3645 pelagi
282 3564 412 3645 peperit
439 3572 472 3625 et
499 3582 554 3625 ros
583 3563 808 3644 spumantium
840 3563 999 3625 fluctuum
1030 3562 1193 3637 educauit,

620 3677 665 3730 ¹39
