2684 4094
536 282 711 338 Aevmvs
1114 289 1173 356 147

122 463 252 509 censeo.
314 466 443 518 sorores
474 445 539 507 iam
570 455 647 508 tuae
682 445 797 507 mortis
831 444 988 525 opinione
1020 446 1172 509 turbatae

122 560 282 631 tuumque
298 550 476 630 uestigium
493 549 699 630 requirentes
715 550 888 630 scopulum
905 549 1004 611 istum
1023 549 1173 630 protinus

123 654 272 716 aderunt.
319 674 458 735 quarum
476 653 503 715 si
519 673 602 735 quas
618 653 705 715 forte
721 653 977 714 lamentationes
993 653 1171 734 acceperis,

123 777 231 838 neque
254 757 466 839 respondeas,
487 757 587 818 immo
609 777 670 818 nec
692 756 876 838 prospicias
899 756 1042 819 omnino.
1090 767 1174 819 cete-

85 890 99 936 5
123 881 195 922 rum
217 861 297 925 mihi
318 861 451 943 quidem
473 860 706 940 grauissimum
728 860 884 936 dolorem,
904 859 964 922 tibi
986 881 1064 923 uero
1088 882 1174 922 sum-

124 985 214 1026 mum
244 964 371 1027 creabis
401 964 556 1027 exitium!
608 964 733 1039 adnuit,
765 973 799 1027 et
829 985 869 1027 ex
900 964 1034 1027 arbitrio
1065 965 1174 1027 mariti

124 1088 159 1131 se
175 1068 340 1133 facturam
360 1067 549 1149 spopondit,
567 1068 627 1130 sed
646 1088 685 1130 eo
705 1067 802 1130 simul
823 1088 898 1130 cum
923 1078 1021 1130 nocte
1045 1069 1173 1149 dilapso

124 1171 211 1235 diem
237 1181 344 1234 totum
371 1171 515 1234 lacrimis
542 1191 580 1233 ac
608 1171 824 1253 plangoribus
848 1171 975 1234 misella
998 1173 1172 1247 consumit,

124 1295 160 1338 se
190 1294 279 1337 nunc
310 1275 451 1337 maxime
482 1258 617 1356 prorsus
647 1275 773 1356 perisse
803 1275 936 1350 iterans,
969 1296 1054 1357 quae
1085 1276 1175 1339 beati

73 1410 101 1442 ιο
124 1379 265 1442 carceris
278 1379 427 1442 custodia
440 1389 556 1460 saepta
570 1389 603 1441 et
619 1379 784 1442 humanae
800 1380 1062 1442 conuersationis
1078 1381 1175 1442 collo-

125 1483 201 1564 quio
216 1483 351 1546 uiduata
363 1502 425 1545 nec
439 1482 606 1546 sororibus
618 1483 752 1564 quidem
766 1483 834 1545 suis
846 1483 888 1545 de
901 1503 936 1545 se
950 1484 1174 1546 maerentibus

125 1607 222 1668 opem
240 1569 417 1650 salutarem
434 1587 532 1662 ferre,
550 1607 588 1649 ac
607 1606 650 1648 ne
669 1586 781 1650 uidere
802 1607 860 1650 eas
883 1587 1015 1668 quidem
1040 1588 1174 1650 omnino

125 1700 246 1772 posset.
300 1711 361 1754 nec
392 1690 535 1766 lauacro,
561 1711 624 1753 nec
655 1691 737 1766 cibo,
763 1711 825 1753 nec
857 1691 923 1753 ulla
954 1691 1098 1772 denique
1128 1712 1175 1753 re-

125 1794 269 1857 fectione
296 1804 453 1869 recreata,
481 1794 566 1857 flens
592 1794 733 1857 ubertim
764 1795 908 1857 decessit
937 1795 979 1856 ad
1011 1815 1172 1857 somnum.

75 1930 101 1974 15
124 1901 157 1963 6.
183 1919 245 1961 nec
265 1918 367 1973 mora,
384 1918 460 1961 cum
480 1898 579 1980 paulo
600 1898 761 1961 maturius
781 1899 904 1961 lectum
924 1899 1061 1961 maritus
1083 1919 1175 1964 accu-

126 2003 208 2065 bans
233 2022 373 2085 eamque
399 2002 499 2064 etiam
526 2022 615 2064 nunc
646 2002 874 2064 lacrimantem
905 2003 1098 2084 complexus
1129 2002 1175 2064 sic

126 2106 333 2187 expostulat:
373 2105 531 2169 ‘haecine
562 2105 643 2168 mihi
673 2105 882 2187 pollicebare,
916 2107 1044 2190 Psyche
1076 2107 1175 2169 mea?

126 2210 204 2291 quid
225 2209 290 2272 iam
312 2210 354 2272 de
375 2218 408 2272 te
429 2219 505 2273 tuus
529 2209 666 2272 maritus
687 2211 849 2291 expecto?
874 2210 954 2293 quid
976 2211 1097 2291 spero?
1142 2221 1176 2273 et

126 2313 241 2396 perdia
256 2323 290 2377 et
307 2333 434 2395 pernox
455 2334 515 2376 nec
537 2313 623 2377 inter
642 2315 814 2395 amplexus
835 2315 1028 2395 coniugales
1052 2314 1176 2377 desinis
1229 2313 1234 2325 '

74 2445 102 2476 ω
125 2417 316 2480 cruciatum.
363 2437 426 2499 age
447 2416 512 2480 iam
534 2438 622 2480 nunc
643 2427 680 2480 ut
701 2418 802 2493 uoles
821 2429 854 2481 et
875 2419 986 2480 animo
1006 2428 1063 2480 tuo
1088 2420 1176 2481 dam-

125 2542 208 2584 nosa
232 2521 382 2602 poscenti
409 2532 543 2603 pareto:
574 2531 704 2584 tantum
732 2521 921 2584 memineris
948 2541 1042 2583 meae
1070 2522 1176 2584 seriae

92 2697 94 2705 y
125 2625 333 2700 monitionis,
357 2644 432 2687 cum
463 2625 613 2706 coeperis
647 2645 721 2687 sero
756 2615 947 2707 paenitere’
1007 2635 1086 2688 tunc
1121 2625 1176 2687 illa

125 2728 288 2810 precibus,
306 2738 339 2792 et
356 2729 435 2790 dum
457 2719 493 2791 s'e
512 2728 704 2791 morituram
721 2729 949 2810 comminatur,
968 2739 1140 2811 extorquet
1157 2751 1176 2790 a

125 2833 252 2907 marit0,
270 2831 391 2914 cupitis
406 2833 541 2907 adnuat,
559 2842 596 2894 ut
612 2852 741 2895 sorores
757 2832 878 2908 uideat,
896 2834 1004 2895 luctus
1022 2834 1174 2907 mulceat,

73 2962 101 3006 25
125 2956 182 2998 ora
208 2936 369 2999 conferat.
420 2935 466 2998 sic
493 2935 547 2998 ille
574 2956 682 2998 nouae
709 2946 834 3017 nuptae
862 2935 1016 3017 precibus
1044 2937 1176 2999 ueniam

125 3039 247 3114 tribuit,
272 3049 306 3102 et
336 3039 481 3122 insuper,
506 3039 770 3121 quibuscumque
802 3040 911 3114 uellet,
937 3061 994 3103 eas
1025 3041 1095 3102 auri
1122 3041 1176 3102 uel

126 3142 296 3205 monilium
320 3144 445 3206 donare
469 3143 642 3206 concessit.
698 3144 757 3206 sed
781 3142 962 3207 identidem
986 3144 1113 3206 monuit
1138 3164 1176 3206 ac

126 3266 227 3328 saepe
254 3246 379 3322 terruit,
404 3267 446 3309 ne
478 3247 611 3328 quando
642 3267 790 3308 sororum
823 3246 1008 3327 pernicioso
1040 3247 1176 3309 consilio

126 3371 224 3413 suasa
247 3351 288 3413 de
312 3351 421 3413 forma
444 3349 553 3412 mariti
575 3361 722 3431 quaerat,
743 3370 828 3413 neue
853 3371 888 3413 se
912 3350 1074 3431 sacrilega
1097 3350 1177 3412 curi-

73 3483 102 3527 30
126 3454 244 3517 ositate
271 3454 312 3516 de
340 3463 434 3517 tanto
462 3453 671 3516 fortunarum
701 3451 862 3535 suggestu
887 3473 1022 3534 pessum
1046 3453 1175 3528 deiciat,

126 3578 188 3620 nec
219 3578 314 3620 suum
347 3567 463 3638 postea
494 3557 666 3637 contingat
698 3558 895 3638 amplexum.
955 3557 1078 3638 gratias
1109 3557 1177 3638 egit

126 3661 252 3736 marito,
267 3661 399 3743 iamque
416 3660 531 3722 laetior
543 3660 663 3734 animo,
684 3660 758 3722 ‘sed
775 3659 886 3742 prius’
904 3659 1022 3742 inquit,
1037 3660 1183 3722 ‘centies
