2684 4094
486 280 680 330 PETRONIVS
703 281 858 330 ARBITER
1164 287 1223 350 113

171 437 399 521 quaerendum
423 447 475 500 est
495 437 629 519 aliquod
652 438 826 519 effugium,
844 438 909 502 nisi
931 437 1145 521 naufragium
1168 460 1224 521 po-

171 543 280 605 nimus
299 552 333 605 et
353 542 444 604 omni
464 562 525 604 nos
542 541 689 622 periculo
712 541 912 605 liberamus’
959 543 1092 607 ‘immo’
1117 543 1224 625 inquit

172 645 272 710 Giton
306 645 489 727 ‘persuade
519 645 744 726 gubernatori,
776 655 813 708 ut
842 646 876 708 in
907 647 1052 729 aliquem
1089 657 1223 729 portum

171 770 292 812 nauem
314 748 467 825 deducat,
485 769 552 812 non
574 749 646 812 sine
668 749 816 830 praemio
837 750 970 826 scilicet,
991 761 1025 814 et
1046 751 1174 815 affirma
1192 752 1224 816 ei

133 883 147 930 5
171 853 400 934 impatientem
417 853 518 916 maris
541 853 679 916 fratrem
700 863 795 916 tuum
814 853 847 916 in
864 854 988 917 ultimis
1004 874 1086 918 esse.
1134 866 1223 937 pote-

171 958 215 1019 ris
239 958 325 1020 hanc
345 956 589 1020 simulationem
608 967 642 1020 et
665 958 777 1020 uultus
801 957 999 1021 confusione
1023 968 1056 1021 et
1079 959 1222 1023 lacrimis

171 1060 377 1136 obumbrare,
395 1071 431 1123 ut
449 1060 675 1124 misericordia
699 1071 870 1142 permotus
893 1061 1096 1142 gubernator
1118 1062 1223 1125 indul-

171 1174 249 1246 geat
278 1164 358 1227 tibi.’
407 1165 544 1246 negauit
575 1166 637 1228 hoc
670 1165 856 1246 Eumolpus
887 1165 957 1228 fieri
988 1185 1095 1246 posse,
1130 1166 1223 1248 ‘quia

171 1270 307 1349 magna'
331 1268 437 1350 inquit
461 1267 613 1349 ‘nauigia
636 1268 798 1348 portubus
817 1288 853 1331 se
872 1269 1018 1331 curuatis
1042 1269 1220 1349 insinuant,

119 1399 148 1433 10
170 1381 316 1435 nectam
333 1372 398 1435 cito
417 1373 555 1434 fratrem
572 1371 737 1436 defecisse
758 1371 829 1435 ueri
850 1372 955 1435 simile
977 1373 1047 1436 erit.
1095 1374 1224 1438 accedit

171 1477 232 1553 his,
248 1477 337 1559 quod
353 1476 493 1538 forsitan
512 1475 634 1539 Lichas
651 1475 750 1539 officii
765 1495 867 1539 causa
882 1476 991 1540 uisere
1007 1477 1222 1558 languentem

170 1579 381 1644 desiderabit.
427 1579 532 1655 uides,
558 1599 659 1661 quam
689 1580 787 1642 ualde
818 1579 914 1643 nobis
944 1580 1108 1660 expediat,
1137 1581 1223 1644 ultro

170 1684 341 1748 dominum
360 1684 406 1746 ad
429 1683 599 1764 fugientes
624 1703 803 1748 accersere.
851 1683 911 1747 sed
935 1683 1024 1765 finge
1043 1704 1164 1747 nauem
1181 1684 1222 1747 ab

170 1788 299 1870 ingenti
333 1807 432 1869 posse
465 1772 569 1854 eursu
597 1786 730 1850 deflecti
764 1796 798 1850 et
833 1786 973 1850 Licham
1007 1808 1074 1850 non
1109 1788 1223 1870 utique

120 1922 147 1969 15
170 1892 418 1955 circumiturum
452 1910 629 1972 aegrorum
661 1889 801 1953 cubilia:
840 1891 1006 1972 quomodo
1045 1911 1223 1972 possumus

170 1996 285 2077 egredi
311 2015 407 2070 naue,
436 2004 473 2058 ut
499 2015 567 2057 non
594 1994 840 2075 conspiciamur
866 2015 886 2056 a
912 1995 1063 2057 cunetis?
1099 1996 1224 2076 opertis

170 2099 345 2181 capitibus,
363 2119 405 2161 an
425 2098 543 2161 nudis?
589 2098 724 2179 opertis,
741 2107 776 2161 et
796 2097 870 2179 quis
894 2119 961 2161 non
984 2099 1064 2161 dare
1086 2120 1222 2162 manum

171 2202 407 2284 languentibus
430 2203 541 2265 uolet?
586 2201 694 2277 nudis,
715 2212 749 2264 et
769 2201 849 2283 quid
870 2201 932 2264 erit
953 2203 1042 2265 aliud
1065 2223 1164 2284 quam
1188 2223 1223 2266 se

171 2307 262 2388 ipsos
278 2306 518 2388 proscribere?'
582 2324 656 2371 102.
682 2306 776 2388 ‘quin
794 2305 918 2387 potius'
936 2306 1072 2388 inquam
1085 2327 1148 2388 ego
1167 2308 1223 2370 ‘ad

118 2441 147 2473 ω
170 2411 391 2474 temeritatem
407 2410 621 2492 confugimus
631 2419 664 2472 et
680 2430 740 2491 per
755 2411 872 2472 funem
888 2410 975 2491 lapsi
990 2410 1223 2473 descendimus

170 2515 203 2577 in
223 2517 389 2597 scapham
412 2515 629 2597 praecisoque
650 2514 783 2577 uinculo
807 2513 936 2596 reliqua
960 2514 1115 2577 fortunae
1137 2534 1223 2577 eom-

170 2620 351 2682 mittimus?
387 2639 449 2682 nec
461 2639 525 2701 ego
540 2619 574 2680 in
591 2619 654 2682 hoc
671 2618 855 2699 perieulum
873 2618 1062 2698 Eumolpon
1079 2637 1218 2682 arcesso.

170 2725 250 2806 quid
266 2725 354 2787 enim
372 2723 490 2787 attinet
505 2723 718 2786 innocentem
735 2722 844 2784 alieno
865 2721 1012 2802 periculo
1028 2722 1221 2802 imponere?

170 2838 348 2891 contentus
379 2847 461 2903 sum,
487 2827 516 2891 si
545 2847 607 2890 nos
637 2825 881 2890 descendentes
912 2825 1076 2888 adiuuerit
1103 2826 1220 2889 casus'

118 2962 146 3008 25
171 2938 252 2995 ‘non
276 2930 486 3013 imprudens'
511 2931 617 3013 inquit
642 2929 847 2994 ‘consilium'
874 2929 1058 3009 Eumolpos
1087 2929 1130 2991 ‘si
1157 2931 1222 2992 adi-

169 3045 240 3099 tum
271 3035 416 3099 haberet.
464 3035 538 3118 quis
561 3034 649 3097 enim
672 3054 739 3097 non
767 3043 885 3097 euntes
912 3032 1062 3095 notabit?
1108 3033 1222 3114 utique

170 3140 381 3221 gubernator,
406 3139 464 3221 qui
490 3138 632 3220 peruigil
658 3148 756 3201 noete
779 3137 925 3200 siderum
953 3156 1085 3218 quoque
1113 3147 1221 3200 motus

170 3243 322 3307 custodit.
370 3253 403 3306 et
419 3253 587 3324 utcunque
606 3241 734 3322 imponi
755 3241 837 3303 nihil
858 3239 1036 3304 dormienti
1057 3251 1179 3321 posset,
1194 3241 1222 3303 si

171 3367 231 3429 per
257 3348 355 3411 aliam
386 3358 515 3428 partem
543 3346 639 3408 nauis
665 3346 749 3427 fuga
776 3354 1007 3427 quaereretur:
1042 3364 1130 3407 nunc
1162 3365 1222 3425 per

117 3481 148 3527 30
170 3452 319 3534 puppim,
344 3472 404 3533 per
427 3451 499 3532 ipsa
523 3450 749 3532 gubernacula
772 3448 996 3511 delabendum
1020 3458 1080 3522 est,
1101 3469 1120 3510 a
1144 3469 1222 3529 quo-

170 3576 243 3619 rum
274 3555 410 3637 regione
441 3555 531 3618 funis
563 3554 744 3628 descendit,
772 3552 828 3634 qui
859 3553 1005 3633 scaphae
1036 3552 1220 3614 custodiam

169 3669 270 3723 tenet.
318 3669 492 3741 praeterea
516 3658 596 3721 illud
620 3658 729 3732 miror,
749 3657 900 3737 Encolpi,
917 3655 978 3718 tibi
1001 3675 1068 3718 non
1092 3676 1221 3718 succur-

206 3796 209 3803 .
249 3774 325 3811 nmo.
337 3761 454 3810 sun—8
