2684 4094
540 248 543 256 '
590 257 759 306 Arvnarvs
1168 261 1233 326 [53-

174 412 320 477 crinibus
350 413 529 494 detergens
560 413 726 475 iacturum
757 413 946 495 spopondit,
978 423 1011 476 et
1046 415 1227 496 praeuertit

174 516 285 579 statim
302 516 414 579 lumen
430 508 600 579 nascentis
616 515 689 578 diei.

220 639 272 698 14.
297 619 413 701 iugum
432 619 593 683 sororium
615 640 824 702 consponsae
844 621 1000 684 factionis
1021 642 1063 684 ne
1085 622 1226 703 parenti-

173 724 236 787 bus
267 723 401 807 quidem
432 723 512 786 uisis
542 733 633 786 recta
663 724 704 786 de
735 724 877 787 nauibus
904 726 1078 806 scopulum
1106 736 1225 807 petunt

135 856 149 902 5
174 812 265 889 illum
282 826 456 909 praecipiti
472 848 547 890 cum
564 828 749 903 uelocitate,
767 848 828 890 nec
846 828 938 891 uenti
953 829 1092 891 ferentis
1110 850 1226 910 opper-

173 940 228 993 tae
247 930 470 1012 praesentiam
490 930 661 994 licentiosa
682 952 758 994 cum
782 932 969 994 temeritate
992 933 1168 1014 prosiliunt
1192 933 1224 994 in

173 1034 286 1098 altum.
333 1054 395 1098 nec
415 1034 588 1098 immemor
606 1036 783 1118 Zephyrus
807 1035 927 1116 regalis
946 1036 1055 1111 edicti,
1073 1037 1225 1118 quamuis

173 1139 306 1215 inuitus,
319 1148 492 1221 susceptas
504 1159 562 1202 eas
572 1140 698 1220 gremio
711 1139 868 1221 spirantis
879 1160 979 1202 aurae
992 1141 1062 1202 solo
1073 1140 1222 1202 reddidit.

173 1252 208 1306 at
237 1243 312 1306 illae
343 1242 554 1306 incunctatae
585 1243 696 1306 statim
727 1243 878 1306 conferto
914 1243 1056 1324 uestigio
1089 1245 1224 1306 domum

122 1375 150 1406 10
173 1356 360 1428 penetrant,
378 1347 635 1428 complexaeque
652 1347 810 1428 praedam
824 1367 927 1422 suam,
942 1368 1073 1410 sorores
1091 1348 1225 1411 nomine

173 1449 381 1526 mentientes,
395 1450 680 1532 thensaurumque
694 1450 826 1531 penitus
842 1450 974 1512 abditae
987 1450 1115 1513 fraudis
1132 1452 1225 1514 uultu

172 1555 260 1616 laeto
282 1563 444 1635 tegentes,
466 1554 513 1617 sic
537 1553 692 1616 adulant:
719 1553 876 1638 ‘Psyche
901 1574 967 1616 non
991 1554 1036 1617 ita
1060 1566 1095 1617 ut
1119 1555 1224 1636 pridie

173 1658 322 1739 paruula,
345 1667 378 1721 et
403 1657 475 1739 ipsa
506 1657 571 1719 iam
598 1667 705 1719 mater
731 1659 785 1720 es!
832 1667 993 1739 quantum
1021 1668 1120 1739 putas
1147 1659 1225 1721 boni

173 1761 268 1825 nobis
293 1761 326 1823 in
354 1761 417 1825 ista
443 1761 532 1842 geris
559 1761 693 1842 perula!
726 1761 859 1843 quantis
883 1761 1013 1842 gaudiis
1039 1771 1143 1824 totam
1171 1763 1225 1824 do-

122 1893 148 1939 15
173 1885 263 1927 mum
294 1875 442 1928 nostram
474 1865 648 1927 hilarabis!
706 1885 725 1927 o
756 1885 817 1928 nos
846 1865 972 1941 beatas,
1004 1886 1088 1947 quas
1118 1865 1244 1928 mian-7

172 1968 215 2031 tis
244 1969 337 2032 aurei
367 1968 570 2032 nutrimenta
600 1969 789 2032 laetabunt!
826 1969 882 2051 qui
913 1970 940 2032 si
971 1979 1157 2050 parentum,
1189 1979 1225 2032 ut

172 2082 313 2155 oportet,
338 2072 577 2155 pulchritudini
599 2073 817 2155 responderit,
847 2093 985 2155 prorsus
1013 2073 1143 2154 Cupido
1170 2094 1225 2135 na-

173 2177 304 2240 scetur.’

219 2298 271 2360 15.
297 2281 343 2346 sic
359 2281 549 2346 adfectione
569 2281 723 2346 simulata
743 2283 902 2364 paulatim
922 2281 1043 2346 sororis
1062 2281 1225 2345 inuadunt

120 2414 150 2447 ω
172 2384 329 2448 animum.
376 2386 555 2469 statimque
578 2407 635 2449 eas
654 2386 850 2449 lassitudine
869 2386 942 2448 uiae
963 2385 1120 2449 sedilibus
1141 2386 1226 2448 reio

171 2497 224 2552 tas
240 2498 274 2552 et
289 2489 482 2552 balnearum
499 2489 672 2572 uaporosis
688 2490 837 2553 lontibus
853 2498 985 2552 curatas
1002 2489 1225 2570 pulcherrimo

172 2591 314 2657 triclinio
337 2592 494 2674 mirisque
519 2593 582 2657 illis
605 2603 638 2657 et
660 2593 768 2656 beatis
791 2593 943 2656 edulibus
967 2602 1066 2674 atque
1085 2591 1225 2655 tuccetis

173 2695 326 2760 oblectat.
373 2697 465 2760 iubet
488 2697 649 2761 citharam
673 2697 772 2779 loqui,
799 2697 968 2778 psallitur:
993 2696 1090 2758 tibias
1114 2716 1223 2777 agere,

173 2809 328 2864 sonatur:
360 2801 479 2864 choros
507 2821 635 2876 canere,
662 2810 821 2864 cantatur.
869 2821 955 2882 quae
982 2809 1102 2863 cuncta
1133 2799 1224 2862 nullo

120 2929 148 2975 25
173 2913 350 2985 praesente
366 2904 565 2969 dulcissimis
582 2904 724 2968 modulis
742 2905 869 2967 animos
886 2903 1091 2967 audientium
1107 2903 1225 2965 remul-

173 3007 301 3071 cebant.
354 3029 415 3072 nec
431 3019 543 3072 tamen
560 3009 774 3071 scelestarum
791 3007 990 3071 feminarum
1008 3007 1152 3089 nequitia
1171 3006 1225 3068 uel

173 3112 247 3193 ipsa
271 3112 395 3175 mellita
420 3124 537 3175 cantus
562 3112 738 3175 dulcedine
770 3111 895 3174 mollita
925 3110 1131 3193 conquieuit;
1166 3109 1226 3172 sed

173 3216 216 3278 ad
232 3216 431 3280 destinatam
448 3216 616 3279 fraudium
635 3217 787 3297 pedicam
808 3235 995 3278 sermonem
1015 3215 1226 3276 conferentes

173 3319 421 3384 dissimulanter
448 3320 616 3402 occipiunt
643 3319 812 3394 sciscitari,
838 3318 944 3401 qualis
972 3318 1002 3380 ei
1025 3317 1163 3380 maritus
1193 3325 1227 3379 et

121 3451 150 3495 30
174 3424 271 3499 unde,
296 3425 457 3488 natalium
489 3433 581 3487 secta
611 3424 686 3486 cuia
714 3423 913 3505 proueniret.
961 3432 1040 3484 tunc
1067 3421 1123 3482 illa
1154 3419 1227 3482 sim·

175 3526 321 3606 plicitate
338 3527 439 3589 nimia
457 3527 585 3609 pristini
610 3527 772 3590 sermonis
796 3526 898 3589 oblita
917 3546 1041 3587 nouum
1063 3543 1228 3587 commen·

174 3637 244 3691 tum
261 3629 402 3707 instruit,
416 3631 537 3714 aitque,
552 3631 707 3695 maritum
724 3649 821 3694 suurn
837 3630 878 3692 de
895 3627 1066 3711 prouincia
1079 3626 1227 3709 proxima
