2684 4094
613 266 733 314 VARRO

125 441 198 504 172.
232 423 315 487 leuis
331 444 425 485 mens
442 443 623 505 numquam
641 421 839 485 sdmnurnas
856 422 1018 504 imagines

231 526 373 602 adfdtur,
390 547 457 589 non
474 524 670 588 umbrantur
686 547 802 590 somno
820 525 973 609 pupulae.
1029 587 1095 638 Non
1123 597 1170 650 172
1198 599 1208 638 Ι

262 707 409 768 Libernted,
423 708 453 757 lte
467 723 545 774 opens
558 723 574 757 a
587 707 652 773 slep
659 706 709 774 sor
721 707 761 757 lde
774 707 959 775 ertunusactwe
972 708 1006 776 os
1018 725 1082 772 men,

124 832 198 894 173.
232 811 397 876 humdnae
414 812 581 894 quandam
599 813 733 892 gentem
751 813 862 894 stirpis
879 811 1062 895 cdncoquit,

232 915 357 997 ‘frigus
374 916 483 979 calore
500 925 600 997 atque
618 913 731 977 umore
748 913 946 978 aritddinem

231 1020 366 1083 miscet!
455 1049 458 1053 ’
1037 1050 1111 1102 Non.
1125 1061 1167 1114 71.
1181 1063 1222 1102 22.

305 1142 370 1195 And
381 1151 437 1212 qets
449 1159 466 1192 a
478 1142 602 1210 peculiur
614 1143 691 1194 order
700 1141 776 1210 from
788 1159 805 1193 a
818 1142 873 1194 rich
884 1143 1039 1212 profliyute.

124 1268 198 1331 174.
275 1251 563 1336 Chrysosandalos
595 1250 681 1313 locat
713 1249 775 1311 sibi
806 1249 981 1312 amiculam
1009 1251 1052 1312 de
1078 1251 1164 1313 lacte
1191 1261 1224 1314 et

231 1376 308 1419 cera
334 1354 525 1429 Tarentina,
555 1374 654 1435 quam
687 1373 768 1434 apes
801 1352 953 1415 Milesiae
984 1353 1153 1435 coegerint
1184 1375 1224 1417 ex

231 1458 385 1522 omnibus
412 1457 546 1520 floribus
574 1457 725 1532 libantes,
750 1456 820 1519 sine
844 1477 919 1519 osse
946 1467 980 1519 et
1006 1457 1127 1533 neruis,
1152 1458 1223 1521 sine

231 1562 326 1644 pelle,
345 1562 416 1624 sine
438 1561 522 1642 pilis,
541 1581 668 1643 puram,
686 1570 811 1642 putam,
832 1580 1014 1642 proceram,
1037 1561 1222 1637 candidam,

181 1691 196 1746 5
229 1676 388 1741 teneram,
406 1665 596 1728 formosam.
1039 1693 1112 1745 Non,
1126 1705 1167 1758 27·
1182 1707 1223 1762 23·

550 1899 796 1956 QutuQuATuus

477 2004 532 2057 Tne
544 2005 645 2075 ylutton
658 2005 760 2074 refuses
773 2014 797 2057 to
809 2005 872 2056 diet.

125 2127 199 2191 175.
275 2122 320 2188 tu,
348 2112 450 2187 Pledi,
475 2132 551 2174 eum
577 2111 784 2174 tractabilem
811 2110 915 2173 audes
940 2110 1059 2186 dicere,
1084 2131 1158 2173 cum
1190 2110 1224 2173 in

232 2215 368 2279 eborato
385 2216 470 2278 lecto
483 2236 522 2278 ac
540 2236 707 2296 purpureo
725 2214 955 2296 peristromate
972 2213 1093 2277 cubare
1110 2214 1225 2276 uideas

233 2329 404 2400 aegrotum
418 2328 451 2381 et
463 2319 534 2382 eius
550 2319 641 2400 prius
654 2318 766 2381 aluum
780 2338 879 2400 quam
895 2318 1027 2379 turdam
1041 2318 1225 2380 subducere

233 2423 351 2485 malls-²
596 2508 602 2519 ¹
838 2507 843 2518 ¹
1022 2451 1094 2502 Non.
1109 2463 1167 2516 229.
1185 2461 1223 2516 15.

475 2507 519 2560 He
532 2509 647 2560 declines
659 2517 683 2560 to
696 2508 755 2559 tnke
764 2508 866 2576 phyma

127 2614 200 2691 176.
233 2612 312 2695 quid
329 2613 457 2677 medico
474 2615 518 2676 mi
539 2626 590 2678 est
606 2616 714 2697 opus?
754 2612 838 2677 num
861 2623 1024 2696 perpetuo
1046 2610 1224 2674 absintium

320 2717 368 2779 uti
383 2715 492 2779 bibam
512 2739 649 2800 grauem

124 2862 130 2871 κ
233 2829 267 2884 et
283 2817 468 2884 castoreum
485 2821 659 2906 leuemque
676 2823 798 2887 robur?

736 2927 809 2977 Non.
827 2939 883 2993 190.
897 2938 946 2990 233
967 2937 1026 2990 314.
1043 2937 1090 2990 133
1111 2921 1169 2989 336.
1184 2933 1225 2986 27.

230 3046 296 3100 And
308 3049 394 3100 drutus
407 3065 424 3100 a
436 3049 558 3117 viqeroue
569 3050 671 3118 picture
685 3050 719 3116 ef
727 3050 766 3101 the
779 3048 947 3116 bloodtlirsty
958 3047 1118 3115 phenicium.

127 3167 200 3230 177.
238 3149 383 3240 [gestat]
404 3155 456 3218 hic
474 3155 637 3237 bipennis,
657 3155 710 3218 ille
727 3153 872 3236 fdrcipes
888 3151 1145 3234 denthdrpagas.

1041 3257 1114 3307 Non.
1128 3269 1169 3322 99.
1184 3265 1225 3304 22.

373 3342 428 3395 Tne
439 3344 617 3412 prescriptione
630 3346 661 3396 lte
672 3344 777 3413 prefers
790 3343 813 3394 is
825 3345 894 3411 ¹‹Joml
907 3343 979 3405 usne,

127 3448 201 3524 178.
234 3467 318 3529 cape
335 3446 421 3513 hanc
438 3449 596 3512 caducam
616 3449 727 3512 Liberi
744 3450 876 3512 mollem
894 3449 1025 3530 dapem,

234 3549 431 3615 defrdndem
449 3553 601 3615 Bromiae
618 3551 847 3616 autdmnitatis
864 3550 1006 3615 duidam.

898 3656 1090 3721 Non.71.13;
1111 3665 1170 3720 253·
1184 3666 1225 3718 33.
