2684 4094
158 253 201 317 86
421 266 632 318 masmanrs
655 268 701 317 or
724 267 850 316 noum
873 268 998 316 sarrae

210 443 264 487 ras
288 426 457 489 haberent.
506 425 632 487 ‘Iliada
654 435 687 487 et
712 424 901 508 Odyssian'
924 425 1031 506 inquit
1051 432 1108 488 ‘ac
1133 426 1260 488 Laena-

209 527 252 592 tis
278 528 511 610 gladiatorium
537 529 677 590 munus'
750 547 804 604 ³0·
834 549 901 591 non
925 529 1045 592 licebat
1069 530 1258 592 multaciam

209 631 419 696 considerare

253 861 314 904 nos
337 839 403 902 iam
427 840 469 903 ad
492 840 669 903 triclinium
694 860 962 922 perueneramus,
987 841 1021 903 in
1046 842 1139 905 cuius
1164 852 1259 923 parte

170 944 317 1025 gprima
348 954 543 1025 procurator
568 944 713 1007 rationes
744 945 936 1026 accipiebat.
984 955 1018 1008 et
1048 946 1137 1027 quod
1168 967 1258 1027 prae-

209 1048 307 1129 cipue
329 1048 465 1110 miratus
481 1068 564 1123 sum,
581 1048 615 1109 in
632 1048 783 1129 postibus
798 1049 930 1112 triclinii
946 1049 1056 1112 fasces
1072 1059 1166 1112 erant
1182 1070 1257 1112 cum

210 1152 380 1214 securibus
410 1152 474 1227 fixi,
502 1172 643 1233 quorum
671 1173 770 1214 unam
804 1163 934 1234 partem
965 1153 1060 1234 quasi
1090 1154 1257 1216 embolum

209 1256 304 1318 nauis
327 1275 468 1318 aeneum
492 1255 637 1331 finiebat,
654 1256 688 1317 in
712 1277 777 1338 quo
800 1267 871 1319 erat
890 1257 1066 1338 scriptum:
1092 1258 1146 1320 ί(ἶ.
1167 1259 1258 1319 Pom-

209 1359 285 1441 peio
302 1358 548 1435 Trimalchioni,
561 1359 670 1422 seuiro
686 1360 875 1441 Augustali,
890 1360 1073 1423 Cinnamus
1089 1361 1258 1442 dispensa-

157 1491 186 1524 ιο
209 1464 279 1527 tor.'
327 1464 388 1526 sub
412 1464 530 1526 eodem
553 1464 648 1526 titulo
672 1474 706 1526 et
728 1463 864 1527 lucerna
886 1464 1052 1548 bilychnis
1068 1465 1109 1526 de
1126 1485 1258 1526 camera

209 1568 386 1649 pendebat,
404 1577 438 1630 et
456 1568 541 1630 duae
559 1568 692 1630 tabulae
708 1567 741 1629 in
758 1577 899 1650 utroque
916 1578 1011 1649 poste
1028 1569 1163 1643 defixae,
1181 1589 1258 1649 qua-

208 1685 282 1733 rum
307 1671 420 1746 altera,
446 1670 585 1734 sibene
613 1670 756 1746 memini,
781 1672 844 1734 hoc
871 1672 1015 1734 habebat
1042 1672 1257 1753 inscriptum:

210 1776 295 1838 ‘III.
313 1786 348 1839 et
363 1774 468 1857 pridie
485 1774 646 1837 kalendas
664 1774 837 1837 Ianuarias
854 1777 890 1839 C.
905 1785 1019 1838 noster
1031 1776 1121 1838 foras
1138 1777 1255 1850 cenat,’

209 1879 313 1943 altera
335 1878 433 1942 lunae
454 1899 586 1941 cursum
607 1878 844 1960 stellarumque
864 1888 995 1959 septem
1015 1879 1177 1960 imagines
1194 1879 1258 1960 pic-

157 2009 183 2056 15
208 1993 278 2060 tas;
303 1993 335 2046 et
359 1983 415 2066 qui
438 1983 508 2045 dies
531 1983 610 2045 boni
633 1982 755 2065 quique
778 1983 978 2046 incommodi
1001 1993 1123 2058 essent,
1146 1983 1258 2045 distin-

208 2097 333 2168 guente
347 2086 438 2149 bulla
454 2087 663 2149 notabantur.
730 2088 734 2094 '

252 2190 304 2253 his
325 2190 442 2272 repleti
463 2190 691 2271 uoluptatibus
711 2211 788 2254 cum
809 2211 1005 2253 conaremur
1024 2190 1056 2251 in
1080 2191 1257 2253 triclinium

208 2295 340 2370 intrare,
365 2294 562 2357 exclamauit
584 2314 671 2357 unus
694 2314 735 2356 ex
757 2295 878 2377 pueris,
904 2296 959 2376 qui
983 2315 1083 2376 super
1106 2296 1167 2357 hoc
1191 2294 1258 2357 offi-

208 2398 294 2462 cium
310 2409 382 2462 erat
398 2399 544 2479 positus:
572 2399 705 2461 ‘dextro
722 2398 827 2479 pede?
874 2399 946 2462 sine
966 2399 1066 2461 dubio
1088 2399 1258 2480 paulisper

155 2509 184 2564 aa
208 2502 456 2583 trepidauimus,
489 2522 531 2564 ne
565 2511 681 2564 contra
711 2512 927 2583 praeceptum
958 2502 1075 2584 aliquis
1107 2512 1257 2566 nostrum

207 2607 307 2668 limen
331 2606 495 2668 transiret.
550 2615 698 2669 ceterum
725 2615 760 2668 ut
788 2607 911 2687 pariter
935 2606 1099 2669 mouimus
1125 2607 1257 2668 dextros

207 2731 352 2791 gressus
381 2730 497 2773 seruus
524 2708 620 2773 nobis
647 2710 852 2791 despoliatus
883 2710 1057 2792 procubuit
1084 2711 1125 2771 ad
1154 2711 1257 2791 pedes

207 2834 245 2877 ac
273 2834 391 2895 rogare
417 2813 536 2895 coepit,
561 2824 598 2877 ut
625 2833 660 2876 se
688 2833 816 2895 poenae
845 2814 1067 2895 eriperemus:
1100 2835 1160 2876 nec
1192 2835 1257 2876 ma-

207 2939 311 2999 gnum
345 2938 419 2981 esse
454 2927 627 2999 peccatum
662 2938 769 2992 suum,
802 2927 939 2999 propter
972 2918 1061 2999 quod
1096 2918 1257 2999 periclita-

155 3045 182 3097 '25
207 3032 315 3085 retur:
354 3021 518 3084 subducta
555 3021 644 3084 enim
682 3021 744 3084 sibi
782 3022 981 3108 uestimenta
1018 3022 1256 3103 dispensatoris

207 3126 239 3187 in
264 3126 392 3202 balneo,
417 3145 501 3207 quae
526 3125 581 3188 uix
597 3125 747 3188 luissent
770 3125 886 3188 decem
910 3125 1146 3188 sestertiorum.
1196 3135 1257 3187 ret·

206 3230 341 3292 tulimus
367 3250 447 3310 ergo
472 3230 604 3292 dextros
629 3229 733 3310 pedes
758 3229 1089 3312 dispensatoremque
1114 3229 1147 3289 in
1173 3229 1256 3291 atrio

206 3353 325 3397 aureos
349 3342 580 3396 numerantem
608 3332 777 3414 deprecati
804 3353 927 3407 sumus,
956 3343 991 3394 ut
1023 3352 1119 3395 seruo
1150 3333 1257 3394 remit·

206 3447 290 3501 teret
318 3457 469 3519 poenam.
524 3425 687 3518 superbiis
715 3437 769 3498 ille
797 3437 929 3499 sustulit
956 3436 1083 3498 uultum
1112 3447 1145 3498 et
1169 3442 1255 3499 ‘non

153 3574 183 3618 30
206 3553 274 3604 tam
303 3542 428 3605 iactura
455 3561 508 3603 me
536 3542 666 3604 mou'et'
692 3540 799 3622 inquit
825 3546 944 3621 ‘quam
972 3539 1175 3621 negligentia
1203 3560 1257 3602 ne-

206 3644 356 3726 quissimi
372 3645 468 3707 serui.
498 3644 712 3708 'uestimenta
728 3663 803 3706 mea
821 3644 980 3707 cubitoria
1000 3643 1152 3725 perdidit,
1170 3663 1256 3724 quae
