2684 4094
139 273 178 334 14
398 260 608 309 FRAGMENTS
632 260 676 308 OF
699 259 824 307 ROMAN
849 259 974 308 SATIRE

545 414 599 467 Tte
612 424 704 466 nature
717 414 752 483 of
760 431 829 466 mon.

135 544 189 602 33.
224 574 229 586 .
257 574 263 586 .
289 573 295 585 .
320 523 408 585 terra
423 542 544 602 corpus
560 522 618 596 est,
637 531 670 583 at
687 520 806 584 mentis
823 519 910 601 ignis
926 530 985 582 est.

994 604 1079 658 Prisc.
1095 607 1118 658 1.
1132 620 1184 674 335
1200 608 1238 660 K.

136 723 189 782 34.
224 702 295 765 istic
312 711 363 765 est
379 701 420 763 de
437 698 505 763 sole
522 709 692 782 sumptus;
718 699 810 781 isque
827 677 915 761 totus
933 699 1051 761 mentis
1068 709 1125 761 est.

233 867 240 883 s
958 800 1178 853 ramum.
1194 813 1238 870 59·

155 905 177 956 J
179 904 262 972 opiter
276 904 296 953 is
309 903 370 970 only
382 920 417 954 ao
431 902 609 971 etymoiopicol
622 901 836 970 persooification
850 900 884 969 of
894 901 934 952 tte
948 899 1153 968 ull-nourishiop
1166 901 1217 961 αἰν,

137 1029 188 1089 35.
203 1008 295 1072 *istic
311 1021 362 1072 est
378 1010 405 1072 is
424 1008 573 1090 Iuppiter
589 1029 687 1091 quem
704 1007 787 1082 dico,
805 1028 904 1089 quem
922 1006 1042 1070 Graeci
1057 1017 1179 1071 uocant

221 1111 351 1176 ierem:
376 1113 432 1195 qui
448 1115 567 1175 uentus
584 1123 635 1175 est
650 1122 683 1174 et
700 1110 824 1174 mibes:
848 1111 953 1174 imber
969 1109 1087 1192 postea

222 1215 322 1298 itque
339 1238 378 1279 ex
394 1217 498 1279 imbre
512 1216 637 1297 frigus:
662 1225 782 1279 uentus
799 1213 875 1297 ptist
891 1215 936 1290 fit,
954 1222 1011 1277 aer
1027 1216 1135 1278 denuo

224 1321 326 1384 haece
343 1331 479 1402 propter
496 1320 648 1402 Iuppiter
664 1330 741 1382 sunt
757 1318 820 1382 ista
836 1339 921 1401 quae
937 1317 1012 1381 dico
1026 1318 1094 1394 tibi,

176 1452 188 1503 5
223 1423 379 1506 'queniam
397 1423 544 1487 mortalis
560 1434 660 1506 atque
676 1423 774 1486 urbes
790 1422 971 1504 beluasque
988 1421 1096 1485 omnis
1111 1423 1213 1487 iuuat.
1248 1433 1250 1436 ’

961 1525 1039 1576 Varr.
1054 1523 1083 1575 L.
1096 1523 1128 1574 L.
1139 1525 1175 1576 V.
1190 1523 1236 1594 65.

495 1603 575 1663 Ceres
587 1603 609 1656 is
622 1602 753 1671 similarly
764 1603 877 1672 defined.
936 1622 939 1630 ’

137 1714 190 1787 36.
204 1711 319 1774 *terris
335 1711 465 1793 genteis
481 1709 589 1775 <imnis
605 1710 735 1794 peperit
751 1713 783 1775 et
799 1711 936 1774 resumit
952 1711 1080 1774 denuo:

224 1814 326 1878 istaec
343 1816 400 1878 dat
415 1813 541 1911 cibiria'
555 1825 655 1898 atque
671 1813 760 1898 quud
776 1816 861 1897 gerit
877 1816 1001 1897 fruges,
1020 1815 1131 1879 Ceres.

964 1918 1041 1970 Varr.
1054 1917 1086 1968 L.
1099 1916 1131 1967 L.
1145 1917 1178 1969 V.
1194 1916 1237 1982 64

370 2063 581 2109 EVHEMERVS
605 2062 682 2108 SIVE
706 2062 815 2108 SACRA
839 2061 1000 2108 HISTORIA

140 2160 193 2212 Tire
208 2170 270 2229 poet
285 2162 434 2215 introduces
451 2163 616 2216 Euhemerus
631 2172 656 2216 to
671 2164 793 2231 expouod
807 2163 846 2214 iis
862 2164 950 2230 theory
964 2163 1018 2214 thot
1031 2162 1072 2214 the
1087 2161 1153 2230 pods
1170 2178 1237 2214 were

224 2249 267 2300 but
282 2251 387 2302 mortuis
402 2251 543 2319 especially(
557 2252 672 2303 honored
688 2269 720 2303 on
736 2259 847 2302 account
862 2250 895 2318 of
908 2249 975 2302 their
990 2258 1066 2318 preat
1080 2248 1192 2300 services
1213 2258 1237 2301 to

223 2336 403 2388 muntium-
414 2336 469 2390 Tte
480 2355 608 2407 pussuqes
622 2338 714 2407 quoted
727 2338 759 2405 by
768 2337 923 2389 Lactantius
933 2353 979 2388 ure
992 2335 1148 2404 apparently
1159 2334 1237 2404 from

224 2439 241 2474 a
255 2424 305 2476 iate
313 2441 392 2492 prose
406 2425 506 2477 version
520 2425 555 2493 of
561 2426 601 2477 tlte
613 2424 786 2493 trochaics(?)
802 2424 836 2492 of
845 2423 962 2475 Eooius.

271 2530 390 2617 [quid?
415 2535 471 2617 qui
492 2546 548 2598 aut
569 2536 665 2599 fortis
687 2544 744 2598 aut
768 2535 874 2597 claros
897 2543 954 2597 aut
978 2533 1123 2615 potentis
1147 2532 1237 2597 uiros

222 2639 358 2701 tradunt
374 2649 450 2720 post
469 2649 607 2702 mortem
630 2639 671 2700 ad
691 2638 771 2700 deos
795 2638 997 2719 peruenisse,
1015 2657 1138 2718 eosque
1161 2656 1236 2701 esse

223 2741 313 2822 ipsos
335 2763 418 2823 quos
440 2763 500 2805 nos
522 2742 638 2817 colere,
660 2741 797 2823 precari,
817 2741 1035 2823 uenerarique
1059 2742 1235 2817 soleamne,

223 2866 334 2908 nonne
351 2855 503 2928 expertes
520 2856 598 2909 sunt
613 2845 810 2927 religionum
831 2845 1001 2908 omnium?
1047 2865 1131 2926 quae
1152 2844 1237 2909 ratio

174 2974 187 3026 5
224 2949 364 3011 maxime
392 2960 533 3013 tractata
558 2950 598 3012 ab
627 2930 817 3012 Euhemero
845 2959 904 3024 est,
933 2969 1032 3030 quem
1060 2958 1172 3011 noster
1202 2959 1238 3012 et

172 3136 174 3141 .
223 3054 460 3134 interpretatus
484 3064 518 3116 et
543 3063 676 3116 secutus
702 3063 752 3116 est
780 3062 912 3134 praeter
939 3063 1066 3115 ceteros
1095 3052 1234 3116 Ennius.

223 3157 264 3218 ab
288 3158 476 3220 Euhemero
498 3167 609 3219 autem
631 3167 663 3218 et
687 3166 810 3219 mortes
834 3165 866 3219 et
890 3158 1080 3239 sepulturae
1104 3156 1238 3218 demon-

222 3270 369 3323 strantur
391 3261 537 3324 deorum.
956 3284 1012 3338 eie.
1027 3284 1064 3336 N.
1073 3283 1109 3336 D.
1123 3285 1144 3336 1.
1161 3283 1233 3354 119.]

135 3433 188 3493 37.
265 3417 357 3482 initio
383 3419 509 3500 primus
534 3419 567 3480 in
593 3418 689 3481 terris
716 3417 893 3500 imperium
920 3439 1087 3481 summum
1114 3417 1237 3482 Caelus

223 3521 356 3584 habuit:
381 3523 408 3584 is
425 3522 457 3584 id
474 3542 613 3602 regnum
636 3543 703 3584 una
725 3542 800 3585 cum
822 3521 980 3585 fratribus
1004 3522 1071 3585 suis
1094 3520 1238 3584 instituit

221 3634 321 3706 etque
338 3626 477 3707 parauit.
1071 3650 1145 3704 Lact.
1159 3649 1180 3700 Ι.
1197 3663 1237 3718 13.
