2684 4094
613 276 734 325 vanno
1184 266 1225 346 63

142 428 208 481 And
221 430 261 481 tte
271 429 385 499 fanaal
398 430 420 481 is
433 430 578 482 concluded
592 430 649 481 wilt
664 430 704 482 tlte
719 430 834 499 question
847 431 1003 500 apparently
1013 439 1056 499 pet
1071 433 1207 484 onsettled.

126 553 198 614 125.
276 537 378 598 funus
395 536 559 618 exequiati
575 546 704 599 stantes
717 537 758 598 ad
775 537 964 617 sepulcrum
982 537 1118 619 antiquo
1135 559 1225 601 more

232 639 434 703 silicernium
450 640 666 715 confecimus,
685 639 718 702 id
734 650 786 702 est
801 634 1014 722 περῶειπνον,
1029 661 1094 722 quo
1111 643 1225 723 pransi

232 743 442 806 discedentes
458 742 598 807 dicimus
615 742 699 805 alius
714 743 770 805 alii
786 744 900 807 ‘uale'
1059 787 1132 840 Non·
1145 787 1187 852 43·
1203 801 1225 856 5,

611 1011 739 1056 MODIVS
826 1044 829 1049 -

163 1101 299 1164 Petrullas
312 1114 377 1165 need
389 1120 433 1165 not
445 1112 505 1165 laolc
517 1121 544 1164 at
557 1114 597 1165 tle
609 1113 681 1175 bools,
695 1112 724 1182 is
731 1113 763 1164 its
776 1114 914 1166 theatrical
926 1115 991 1183 style
1004 1115 1107 1184 offensis
1119 1116 1181 1168 lim.

125 1224 197 1286 126.
231 1222 299 1297 sed,
316 1220 337 1284 ό
354 1223 505 1298 Petrulle‚
523 1223 565 1285 ne
582 1242 693 1285 meum
709 1221 793 1285 taxls
810 1223 939 1299 librum,

231 1325 259 1388 si
273 1326 307 1388 te
325 1326 493 1408 trepigrat
509 1327 590 1390 haec
607 1327 705 1395 modo
722 1324 873 1389 scenitili

883 1414 958 1465 Non.
977 1412 1035 1478 176.
1054 1427 1100 1482 153
1124 1415 1182 1466 180.
1196 1413 1223 1466 6.

125 1526 168 1590 Or,
182 1527 212 1596 if
223 1528 254 1578 lie
272 1528 391 1595 scraples
410 1528 487 1579 about
504 1526 633 1596 tltrowinp
650 1527 670 1578 it
686 1527 773 1595 totttp
790 1528 844 1580 into
862 1528 902 1580 tlte
920 1545 974 1591 sea,
993 1529 1025 1581 lte
1044 1547 1103 1598 map
1115 1531 1195 1598 apply
1209 1548 1226 1583 a

238 1615 301 1666 little
315 1623 393 1666 water
405 1622 430 1667 to
442 1614 492 1666 ttot
505 1622 549 1666 oat
562 1615 602 1666 tlte
615 1614 758 1683 especially
772 1616 955 1683 objectionable
966 1633 1102 1685 passapes.

124 1695 197 1798 127.
230 1720 259 1783 si
274 1719 460 1801 displicebit
476 1718 543 1782 tim
560 1720 620 1783 tibi
636 1717 738 1783 latitm
756 1741 856 1796 mare,

230 1825 347 1907 parces
363 1834 455 1888 tuam
471 1835 541 1888 tum
559 1822 745 1906 splmgeam
763 1825 951 1887 deletilem?
1039 1885 1112 1936 Non.
1126 1883 1168 1952 9⁶·
1185 1898 1215 1935 η

382 2020 471 2073 Better
483 2021 523 2073 tlte
536 2022 601 2072 rude
613 2021 679 2090 paro
691 2021 725 2090 of
731 2021 771 2072 tlte
784 2021 959 2089 philosopher,

123 2130 196 2192 128.
273 2127 363 2209 quod
387 2136 458 2190 tum
483 2137 579 2190 erant
603 2127 637 2188 in
664 2126 804 2190 Graecia
829 2147 924 2189 coma
950 2129 1122 2210 promissa,
1149 2151 1224 2192 rasa

229 2231 341 2307 barba,
359 2230 460 2313 pallia
474 2231 654 2293 trahentes,
1020 2261 1093 2312 Non.
1107 2259 1167 2327 362,
1182 2261 1216 2313 26

124 2406 194 2468 129.
230 2389 288 2451 sed
304 2388 430 2472 cynicis
445 2388 652 2450 inuolucrum
669 2398 703 2451 et
719 2387 857 2469 pallium
873 2389 999 2452 luteum
1016 2411 1082 2453 non
1099 2402 1158 2453 est.

1012 2494 1086 2545 Non.
1103 2506 1163 2562 549.
1181 2493 1222 2545 18.

334 2593 413 2645 Tlan
426 2594 467 2645 tlte
474 2592 570 2661 flimsp
577 2592 697 2661 fopperp
710 2593 745 2662 as
752 2594 791 2645 tle
805 2594 877 2645 other
888 2603 1009 2646 extreme.

123 2718 196 2776 130.
273 2721 373 2783 quam
390 2710 515 2763 storum
531 2719 672 2781 quorum
689 2699 814 2762 uitreae
832 2709 932 2780 togae
952 2711 1122 2770 ostentant
1140 2704 1224 2765 tuni·

229 2824 288 2867 cae
304 2804 426 2866 clauos
877 2833 951 2883 Non.
963 2832 1024 2897 443,
1038 2833 1087 2898 233
1109 2832 1167 2901 53⁶,
1184 2847 1222 2899 ¹7·

408 2990 499 3042 Better
510 2992 551 3043 tle
565 3000 656 3042 utmost
668 2991 808 3059 simplicity
821 2991 932 3060 ofsootl,

123 3115 196 3172 131.
274 3117 348 3159 asse
375 3096 500 3173 uinum,
526 3117 601 3159 asse
629 3097 896 3179 pulmentarium,
927 3098 1091 3161 secundas
1122 3121 1221 3181 quom

230 3209 348 3263 natura
363 3201 542 3282 aurigatur‚
559 3222 627 3264 non
643 3201 855 3264 necessitudo
880 3251 885 3263 .
913 3252 919 3263 .
945 3252 951 3264 .

882 3305 957 3355 Non·
973 3317 1015 3369 70·
1034 3317 1080 3369 ¹43
1101 3319 1162 3372 353·
1177 3319 1221 3372 32-

267 3405 344 3458 Tlaa
356 3407 396 3458 tlte
405 3407 471 3476 fare
483 3407 518 3477 of
524 3408 593 3460 tlose
607 3408 689 3458 tolose
703 3408 751 3477 lise
764 3408 853 3475 lippos
866 3424 900 3457 on
914 3408 954 3458 tlte
968 3407 1077 3467 leitclten.

123 3529 196 3587 132.
274 3523 307 3575 et
320 3514 381 3576 hoc
394 3513 532 3577 interest
544 3514 630 3576 inter
645 3514 826 3595 Epicurum
844 3522 877 3574 et
894 3532 1064 3592 ganeones
1082 3524 1220 3586 nostros,

229 3616 349 3698 quibus
367 3618 518 3680 modulus
535 3627 587 3680 est
602 3617 691 3679 uitae
707 3616 824 3679 colina.
910 3659 984 3711 Non·
1000 3671 1040 3726 55·
1058 3658 1104 3723 ¹83
1127 3672 1183 3726 ¹19·
1197 3659 1221 3710 3·
