2684 4094
592 260 762 308 arveiuvs
1170 264 1231 327 149

177 413 377 479 inhumanae
408 436 544 479 mensae
578 416 714 478 lautitiis
747 436 804 478 eas
842 415 980 497 opipare
1018 415 1143 492 reficit3
1182 426 1227 490 ut,

178 518 306 580 illarum
334 539 469 600 prorsus
496 520 687 582 caelestium
716 520 904 582 diuitiarum
933 519 1037 601 copiis
1068 519 1228 581 affluenti-

177 622 239 684 bus
258 623 406 699 satiatae,
424 624 489 685 iam
509 624 711 705 praecordiis
730 623 862 705 penitus
879 623 1043 686 nutrirent
1058 623 1225 685 inuidiam.

176 726 320 809 denique
345 728 449 790 altera
470 747 583 791 earum
608 728 688 790 satis
715 727 908 809 scrupulose
936 727 1130 808 curioseque
1157 747 1228 808 per-

138 858 150 901 3
176 831 303 892 contari
319 851 386 894 non
403 831 533 906 desinit,
551 831 624 912 quis
641 830 770 893 illarum
787 831 978 893 caelestium
998 850 1107 893 rerum
1127 830 1228 893 domi-

176 955 247 1009 nae,
272 935 389 1015 quisue
416 935 469 997 uel
496 935 604 1016 qualis
631 935 735 1016 ipsius
759 935 801 997 sit
824 935 969 997 maritus.
1028 955 1090 998 nec
1114 944 1227 997 tamen

177 1038 305 1121 Psyche
327 1039 503 1120 coniugale
526 1038 606 1100 illud
627 1049 844 1120 pracceptum
866 1039 933 1101 ulfo
955 1048 1053 1120 pacto
1076 1048 1225 1113 temerat,

176 1143 228 1203 uel
245 1143 389 1223 pectoris
413 1142 542 1206 arcanis
561 1142 670 1223 exigit,
689 1142 748 1205 sed
770 1162 788 1204 e
809 1162 845 1204 re
868 1152 947 1204 nata
970 1141 1131 1222 confingit
1154 1162 1227 1204 esse

175 1245 329 1308 iuuenem
353 1247 520 1327 quendam
543 1256 577 1309 et
604 1245 792 1327 speciosum
820 1256 853 1308 et
876 1247 1087 1308 commodum
1111 1245 1226 1307 lanoso

124 1378 151 1408 10
174 1349 315 1413 barbitio
338 1370 443 1431 genas
467 1349 712 1412 inumbrantem
737 1349 934 1430 plerumque
959 1349 1160 1411 rurestribus
1188 1368 1226 1412 ac

174 1454 341 1538 montanis
368 1453 545 1517 uenatibus
572 1463 781 1535 occupatum.
829 1462 872 1528 et,
902 1472 943 1515 ne
971 1473 1037 1535 qua
1063 1453 1226 1515 sermonis

174 1557 386 1637 procedentis
416 1558 491 1620 labe
521 1557 696 1620 consilium
730 1555 868 1619 tacitum
907 1556 1111 1638 proderetur,
1145 1576 1225 1618 auro

174 1661 264 1724 facto
280 1661 527 1742 gemmosisque
543 1661 721 1723 monilibus
740 1670 878 1723 onustas
897 1681 955 1723 eas
974 1661 1086 1722 statim
1105 1671 1225 1723 uocato

174 1765 330 1848 Zephyro
354 1765 454 1828 tradit
477 1766 706 1847 reportandas.
775 1785 808 1845 9.
834 1784 900 1847 quo
924 1774 1083 1845 protenus
1110 1784 1227 1845 perpe-

122 1897 149 1939 13
174 1879 260 1931 trato
287 1889 416 1931 sorores
443 1869 599 1950 egregiae
626 1870 761 1932 domum
786 1869 965 1931 redeuntes
992 1867 1124 1949 iamque
1151 1868 1227 1947 glis-

174 1973 278 2034 centis
295 1972 439 2035 inuidiae
460 1972 539 2035 felle
559 1972 740 2053 flagrantes
759 1971 864 2035 multa
883 1991 995 2034 secum
1018 1971 1225 2034 sermonibus
1249 1976 1254 1985 ‘

175 2077 296 2139 mutuis
327 2076 589 2158 perstrepebant.
648 2076 694 2139 sic
725 2075 869 2159 denique
900 2075 973 2138 infit
1004 2076 1127 2138 altera:
1165 2081 1225 2137 ‘en

174 2179 254 2241 orba
270 2188 304 2242 et
320 2200 421 2242 saeua
436 2189 469 2242 et
485 2179 598 2263 iniqua
616 2180 768 2243 fortuna!
794 2179 913 2243 hocine
934 2179 994 2242 tibi
1014 2179 1224 2260 complacuit,

174 2294 209 2345 ut
236 2293 375 2365 utroque
402 2293 540 2364 parente
566 2293 751 2364 prognatae
781 2282 947 2347 diuersam
978 2293 1100 2346 sortem
1132 2283 1226 2345 susti·

121 2416 150 2445 20
174 2387 350 2448 neremus?
396 2397 430 2449 et
457 2407 517 2449 nos
544 2387 688 2468 quidem,
713 2407 799 2468 quae
822 2397 903 2450 natu
930 2387 1072 2450 maiores
1100 2408 1222 2462 sumus,

174 2491 299 2552 maritis
315 2490 454 2552 aduenis
471 2491 610 2554 ancillae
629 2491 770 2566 deditae,
788 2502 936 2554 extorres
954 2501 988 2554 et
1008 2491 1077 2554 lare
1098 2501 1131 2553 et
1152 2491 1225 2572 ipsa

174 2593 280 2674 patria
299 2593 468 2673 degamus,
487 2594 586 2675 longe
610 2604 787 2676 parentum
810 2596 903 2658 uelut
925 2596 1116 2671 exulantes;
1141 2595 1224 2656 haec

173 2708 284 2760 autem
305 2697 494 2772 nouissima,
513 2718 612 2778 quam
636 2698 710 2761 fetu
734 2699 876 2762 satiante
900 2708 1088 2780 postremus
1109 2707 1224 2779 partus

173 2801 302 2876 effudit,
320 2801 421 2864 tantis
440 2800 559 2882 opibus
578 2811 612 2864 et
631 2802 693 2864 deo
715 2802 833 2865 marito
856 2802 961 2884 potita
985 2802 1035 2876 sit,
1053 2822 1138 2883 quae
1163 2822 1224 2865 nec

120 2933 147 2978 25
172 2905 220 2967 uti
251 2914 340 2967 recte
369 2914 464 2967 tanta
494 2905 656 2968 bonorum
688 2905 784 2987 copia
815 2906 930 2968 nouit?
976 2906 1096 2980 uidisti,
1122 2926 1222 2980 soror,

172 3020 297 3089 quanta
320 3008 354 3071 in
378 3008 476 3071 domo
500 3008 619 3082 iacent,
637 3019 670 3071 et
693 3008 804 3090 qualia
827 3009 969 3083 monilia,
988 3029 1072 3090 quae
1097 3009 1225 3090 praeni-

171 3122 244 3174 tent
253 3121 374 3187 uestes,
387 3132 472 3195 quae
483 3112 690 3194 splenditant
702 3132 865 3193 gemmae,
877 3122 1038 3193 quantum
1051 3123 1224 3194 praeterea

172 3217 297 3296 passim
324 3215 471 3279 calcatur
502 3236 626 3277 aurum.
675 3216 763 3297 quod
791 3215 819 3278 si
846 3216 1000 3278 maritum
1027 3216 1127 3278 etiam
1155 3226 1223 3278 tam

172 3320 380 3382 formonsum
407 3328 499 3382 tenet
527 3329 563 3381 ut
590 3318 741 3394 affirmat,
766 3319 857 3381 nulla
881 3340 969 3382 nunc
993 3319 1026 3381 in
1051 3320 1130 3382 orbe
1154 3330 1224 3382 toto

118 3453 148 3498 30
172 3423 300 3486 felicior
321 3423 411 3486 uiuit.
459 3422 612 3487 fortassis
628 3433 740 3485 tamen
758 3423 961 3505 procedente
983 3423 1223 3486 consuetudine

171 3538 205 3590 ct
220 3528 409 3590 adfectione
429 3527 584 3590 roborata
602 3527 699 3590 deam
719 3547 851 3608 quoque
873 3527 962 3589 illam
985 3528 1066 3590 deus
1086 3527 1223 3589 maritus

172 3631 299 3695 efficiet.
357 3631 403 3694 sic
434 3640 486 3694 est
516 3631 686 3694 hercules:
718 3631 764 3694 sic
792 3652 827 3693 se
855 3630 992 3712 gerebat
1016 3631 1221 3714 ferebatque.
