2684 4094
141 284 200 331 112
401 277 612 328 FRAGMENTS
634 278 680 328 OF
702 277 829 327 ROMAN
852 278 979 327 SATIRE

189 435 342 499 manibus
360 433 516 516 Eumolpi
531 434 596 497 iam
612 433 646 496 in
663 453 818 515 soporem
834 433 976 497 labentis
992 434 1145 498 laciniam
1162 436 1245 499 duxi

189 549 223 602 et
247 546 324 622 ‘per
347 539 462 602 fidem’
487 538 622 621 inquam
640 544 760 620 ‘pater,
778 537 871 602 cuius
895 539 977 602 haec
993 538 1089 601 nauis
1104 549 1164 616 est,
1184 550 1244 603 aut

190 663 272 725 quos
288 644 399 719 uehat,
416 642 526 706 dicere
542 652 638 724 potes
648 642 675 705 ?’
722 641 924 724 inquietatus
941 641 995 705 ille
1012 643 1149 706 moleste
1164 645 1244 707 tulit

189 756 222 809 et
244 748 323 810 ‘hoc
344 745 430 810 erat’
453 746 560 829 inquit
582 746 687 828 ‘quod
711 747 882 828 placuerat
904 746 973 822 tibi,
991 756 1027 809 ut
1048 767 1149 828 supra
1164 768 1243 810 con-

150 880 164 927 5
189 860 329 913 stratum
360 849 455 913 nauis
486 870 726 931 occuparemus
756 849 1014 913 secretissimum
1044 851 1164 926 locum,
1197 872 1242 915 ne

189 974 250 1017 nos
266 954 428 1036 patereris
444 953 673 1036 requiescere?
719 953 799 1035 quid
815 974 914 1035 porro
931 954 973 1017 ad
992 974 1061 1017 rem
1084 954 1240 1035 pertinet,

189 1057 217 1119 si
243 1057 356 1121 dixero
384 1057 524 1121 Licham
551 1057 771 1120 Tarentinum
797 1077 871 1120 esse
898 1057 1068 1120 dominum
1100 1058 1241 1122 huiusce

189 1161 323 1243 nauigii,
355 1161 412 1243 qui
449 1161 688 1246 Tryphaenam
724 1162 853 1225 exulem
891 1162 1075 1225 Tarentum
1113 1163 1239 1226 ierat?’

191 1284 264 1330 101.
290 1264 446 1329 intremui
465 1275 542 1347 post
562 1265 625 1328 hoc
647 1266 775 1328 fulmen
797 1264 966 1340 attonitus,
983 1264 1164 1348 iuguloque
1186 1267 1242 1330 de-

137 1399 166 1432 10
188 1378 277 1432 tecto
301 1368 510 1451 ‘aliquando’
535 1368 670 1451 inquam
696 1376 818 1432 ‘totum
842 1389 905 1445 me,
931 1369 1088 1446 Fortuna,
1108 1369 1238 1435 uicisti’

188 1493 265 1534 nam
283 1472 383 1536 Giton
405 1472 539 1554 quidem
556 1493 657 1555 super
677 1483 794 1554 pectus
813 1493 924 1536 meum
948 1472 1076 1555 positus
1096 1473 1152 1536 diu
1171 1475 1241 1537 ani-

189 1596 277 1639 mam
300 1576 376 1657 egit.
423 1576 543 1639 deinde
565 1586 601 1639 ut
618 1576 748 1639 effusus
767 1577 868 1640 sudor
891 1577 1062 1659 utriusque
1085 1578 1239 1659 spiritum

188 1680 366 1755 reuocauit,
380 1680 620 1762 comprehendi
636 1681 792 1763 Eumolpi
808 1701 920 1763 genua
935 1690 968 1744 et
985 1681 1174 1745 ‘miserere'
1193 1683 1240 1746 in-

188 1805 288 1866 quam
306 1784 529 1847 ‘morientium
549 1794 582 1847 et
600 1805 661 1867 pro
676 1784 842 1848 consortio
861 1785 1043 1848 studiorum
1062 1787 1239 1850 commoda

137 1916 164 1962 ις
187 1908 341 1965 manum;
367 1907 456 1950 mors
478 1887 579 1962 uenit,
600 1908 686 1970 quae
709 1888 772 1951 nisi
795 1908 855 1969 per
875 1898 908 1951 te
929 1909 996 1951 non
1020 1888 1105 1965 licet,
1126 1899 1238 1971 potest

187 2011 262 2055 esse
284 2012 344 2073 pro
364 1992 521 2055 munere!
567 1991 749 2054 inundatus
768 1992 830 2054 hae
848 1993 1033 2074 Eumolpus
1051 1993 1176 2056 inuidia
1193 1994 1239 2057 iu-

187 2104 238 2157 rat
261 2115 321 2176 per
339 2095 420 2158 deos
440 2095 587 2177 deasque
603 2115 763 2178 seneque
784 2096 868 2159 scire
889 2096 969 2178 quid
992 2096 1157 2172 acciderit,
1174 2118 1237 2161 nec

187 2199 290 2262 ullum
308 2199 419 2262 dolum
436 2199 559 2261 malum
579 2199 715 2262 consilio
734 2199 936 2276 adhibuisse,
954 2200 1013 2263 sed
1034 2210 1146 2264 mente
1163 2201 1238 2263 sim-

187 2303 367 2385 plicissima
387 2312 421 2366 et
445 2323 525 2366 uera
548 2304 614 2367 fide
638 2303 672 2366 in
697 2303 867 2385 nauigium
892 2305 1031 2368 comites
1055 2305 1236 2382 induxisse,

134 2435 163 2468 ω
186 2428 253 2489 quo
275 2407 347 2489 ipse
371 2407 437 2470 iam
465 2407 593 2489 pridem
620 2408 720 2471 fuerit
743 2429 871 2471 usurus.
921 2414 1024 2491 ‘quae
1047 2414 1158 2472 autem
1183 2409 1236 2474 hic
1294 2395 1297 2399 ’

186 2511 325 2574 insidiae
341 2512 433 2574 sunt’
450 2510 558 2593 inquit
575 2518 648 2575 ‘aut
663 2511 736 2594 quis
755 2512 928 2575 nobiscum
951 2513 1124 2575 Hannibal
1146 2513 1237 2576 naui-

186 2615 263 2696 gat?
311 2615 433 2678 Lichas
449 2615 660 2692 Tarentinus,
678 2617 777 2679 homo
793 2616 1095 2681 uerecundissimus
1113 2627 1147 2680 et
1168 2638 1236 2681 non

185 2729 315 2782 tantum
332 2719 430 2782 huius
446 2719 570 2801 nauigii
586 2720 748 2797 dominus,
767 2721 855 2803 quod
870 2721 964 2803 regit,
979 2721 1038 2785 sed
1054 2721 1236 2784 fundorum

185 2823 284 2887 etiam
306 2823 431 2906 aliquot
451 2833 485 2887 et
507 2823 654 2887 familiae
676 2825 888 2907 negotiantis
906 2846 990 2889 onus
1013 2825 1235 2889 deferendum

133 2957 161 3003 25
185 2927 227 2991 ad
248 2938 429 2991 mercatum
450 2928 614 2992 conducit.
661 2928 715 2992 hic
733 2939 784 2992 est
804 2929 948 3014 Cyclops
968 2929 1024 2993 ille
1042 2939 1076 2993 et
1096 2929 1236 3011 archipi-

184 3040 264 3108 rata,
278 3031 332 3096 cui
344 3041 514 3096 uecturam
527 3032 704 3110 debemus;
728 3043 762 3097 et
773 3044 906 3116 praeter
918 3034 1006 3098 hunc
1018 3033 1233 3118 Tryphaena,

185 3135 333 3198 omnium
349 3135 548 3199 feminarum
565 3137 814 3213 formosissima,
832 3158 917 3220 quae
934 3137 1115 3219 uoluptatis
1132 3158 1235 3201 causa

185 3239 249 3304 huc
269 3249 368 3323 atque
388 3239 464 3305 illuc
483 3241 654 3305 uectatur.'
702 3241 755 3304 ‘hi
776 3243 871 3305 sunt’
888 3242 996 3324 inquit
1012 3242 1112 3307 Giton
1130 3247 1235 3324 ‘quos

146 3343 149 3350 '
184 3343 352 3426 fugimus’
378 3344 541 3427 simulque
568 3345 689 3427 raptim
717 3366 835 3409 causas
862 3346 1012 3409 odiorum
1041 3355 1075 3409 et
1104 3345 1235 3409 instans

131 3478 161 3523 30
185 3448 367 3530 periculum
391 3449 571 3531 trepidanti
598 3451 763 3532 Eumolpo
790 3451 933 3532 exponit.
991 3451 1151 3515 confusus
1178 3449 1234 3514 ille

184 3561 217 3615 et
240 3553 368 3616 consilii
391 3574 494 3635 egens
517 3554 608 3617 iubet
631 3575 796 3638 quemque
820 3576 914 3619 suam
937 3555 1137 3619 sententiam
1161 3575 1235 3636 pro-

184 3677 274 3720 mere
295 3667 329 3721 et
351 3657 496 3739 ‘fingite'
519 3657 626 3742 inquit
646 3663 723 3723 ‘nos
746 3670 878 3723 antrum
899 3659 1057 3744 Cyclopis
1079 3659 1231 3723 intrasse.
