2684 4094
611 251 746 301 sumen
1170 255 1226 320 135

178 431 254 475 cum
278 411 397 492 plausu
421 410 607 492 procedunt
629 417 823 473 cantantes:
851 405 1037 489 εὑρήκαμεν,
1054 405 1230 491 συγχαίρο·

178 536 245 592 μεν.
291 514 344 577 hic
368 524 439 576 erat
456 503 492 578 C.
512 512 613 577 Silius
634 512 750 576 consul
773 512 977 592 designatus,
997 513 1122 575 Iuncus
1139 532 1230 593 prae-

179 619 291 694 torius,
317 619 391 683 Sex.
420 619 574 692 Traulus,
601 602 827 691 MsHeluius,
852 617 993 695 Trogus,
1020 617 1128 692 Cotta,
1153 617 1230 680 Vet-

179 722 244 786 tius
260 723 396 797 ValenS,
416 720 539 784 Fabius
563 721 691 802 equites
712 721 751 782 R.
770 739 854 801 quos
878 719 1056 782 Narcissus
1075 719 1152 782 duci
1167 719 1230 782 ius

141 836 276 902 sserat.
324 825 452 888 medius
475 834 545 887 erat
572 825 606 886 in
632 825 694 886 hac
722 823 928 887 cantantium
956 822 1054 886 turba
1079 825 1231 886 Mnester

180 929 415 1011 pantomimus
447 948 547 1010 quem
579 927 737 993 Claudius
771 926 899 989 decoris
935 946 1036 991 causa
1069 927 1229 989 minorem

180 1034 314 1096 iecerat.
361 1033 404 1095 ad
428 1031 774 1095 Messalinam-cito
798 1050 910 1093 rumor
925 1029 1114 1112 percrebuit
1135 1031 1231 1093 Clau-

181 1137 271 1199 dium
294 1136 688 1200 uenisse—conuolant:
714 1134 811 1216 primi
834 1134 982 1197 omnium
1005 1133 1114 1197 liberti
1138 1135 1231 1218 Poly-

180 1240 263 1315 bius,
289 1241 420 1324 Myron,
443 1241 645 1321 HarpocraS,
664 1240 871 1320 Amphaeus,
893 1238 1129 1313 Pheronactus,
1147 1259 1230 1320 quos

130 1375 158 1408 ιο
182 1344 340 1408 Claudius
368 1364 493 1418 omnes,
519 1343 640 1406 necubi
666 1343 849 1424 imparatus
875 1352 972 1417 esset,
1001 1342 1229 1424 praemiserat.

181 1448 302 1510 deinde
325 1448 488 1530 praefecti
508 1448 574 1511 duo
596 1449 711 1511 Iu'stus
730 1446 892 1509 Catonius
908 1456 942 1508 et
960 1446 1099 1509 Rufrius
1117 1446 1229 1509 Pollio.

181 1551 301 1615 deinde
328 1551 426 1615 amici
446 1550 649 1615 Saturninus
676 1550 797 1613 Lusius
823 1560 856 1612 et
882 1550 971 1613 Pedo
996 1550 1173 1631 Pompeius
1198 1560 1232 1612 et

181 1656 300 1738 Lupus
322 1665 357 1719 et
380 1655 476 1719 Celer
498 1654 638 1717 Asinius
665 1656 866 1719 consulares.
913 1653 1092 1716 nouissime
1119 1654 1231 1716 fratris

180 1759 256 1835 filia,
285 1759 407 1822 sororis
434 1759 509 1835 filia,
537 1757 661 1839 generi,
692 1758 806 1834 soceri,
835 1778 959 1831 socrus,
988 1777 1105 1820 omnes
1132 1759 1231 1839 plane

130 1890 157 1936 15
181 1862 430 1945 consanguinei.
493 1873 526 1925 et
563 1862 696 1944 agmine
734 1862 825 1925 facto
864 1861 1004 1926 Claudio
1042 1872 1229 1924 occurrunt.

181 1987 265 2049 quos
295 1988 371 2030 cum
401 1967 541 2030 uidisset
571 1966 738 2039 Claudius,
771 1967 952 2029 exclamat:
984 1961 1094 2026 πάντα
1124 1961 1232 2045 odor

161 2067 303 2153 πλήρη,
331 2071 511 2153 ‘quomodo
530 2072 595 2135 huc
620 2071 758 2133 uenistis
782 2070 883 2133 uos?'
929 2079 999 2132 tum
1025 2070 1114 2132 Pedo
1139 2071 1232 2132 Pom-

181 2175 295 2256 peius:
328 2174 426 2257 ‘quid
453 2175 544 2250 dicis,
569 2175 669 2238 homo
696 2174 945 2237 crudelissime?
991 2173 1123 2255 quaeris
1154 2195 1231 2255 quo-

180 2279 303 2342 modo?
348 2279 422 2361 quis
437 2279 527 2342 enim
543 2299 604 2342 nos
620 2279 703 2342 alius
720 2280 785 2343 huc
802 2280 890 2342 misit
906 2299 1006 2360 quam
1023 2287 1068 2353 tu,
1082 2278 1230 2340 omnium

128 2411 157 2444 ω
180 2384 362 2446 amicorum
374 2382 592 2447 interfector?
636 2383 670 2446 in
686 2383 738 2446 ius
753 2403 885 2446 eamus:
909 2402 973 2463 ego
989 2381 1048 2444 tibi
1065 2381 1118 2446 hic
1131 2382 1230 2444 sellas

180 2487 375 2550 ostendam!

226 2609 287 2676 14..
304 2590 396 2654 ducit
418 2591 510 2654 illum
534 2591 576 2654 ad
599 2591 745 2655 tribunal
768 2590 891 2654 Aeaci:
922 2590 949 2653 is
976 2591 1050 2670 lege
1075 2589 1230 2654 Cornelia

179 2715 264 2777 quae
291 2695 333 2758 de
360 2695 486 2759 sicariis
513 2697 581 2758 lata
603 2704 663 2771 est,
688 2695 878 2778 quaerebat.
926 2694 1080 2776 postulat,
1105 2713 1228 2756 nomen

178 2799 250 2861 eius
274 2799 432 2881 recipiat;
465 2799 534 2862 edit
564 2799 864 2880 subscriptionem:
899 2798 1026 2861 occisos
1058 2807 1228 2860 senatores

126 2930 153 2977 ας
178 2903 321 2978 XXXV,
350 2903 478 2985 equites
511 2905 550 2966 R.
580 2903 735 2978 CCXXI,
761 2911 890 2966 ceteros
917 2898 980 2963 ὅσα
1010 2895 1167 2985 ψάμαθός
1195 2923 1229 2961 τε

177 3003 260 3071 κόνις
290 3029 332 3068 τε.
387 3007 586 3070 aduocatum
618 3028 685 3070 non
717 3007 853 3069 inuenit.
907 3007 1042 3069 tandem
1078 3005 1228 3087 procedit

179 3111 212 3172 P.
239 3111 422 3186 Petronius
440 3120 537 3174 uetus
560 3111 730 3174 conuictor
753 3111 833 3186 eius,
852 3111 950 3173 homo
970 3109 1154 3173 Claudiana
1171 3109 1228 3170 lin-

175 3234 243 3295 gua
277 3214 430 3290 disertus,
462 3224 495 3278 et
530 3216 677 3296 postulat
709 3215 970 3277 aduocationem.
1018 3234 1086 3276 non
1118 3213 1224 3274 datur.

176 3328 311 3382 accusat
347 3320 436 3382 Pedo
473 3320 651 3401 Pompeius
684 3320 814 3400 magnis
844 3317 1052 3381 clamoribus.
1111 3317 1226 3397 incipit

122 3450 152 3496 ³0
176 3432 336 3504 patronus
360 3423 445 3486 uelle
469 3424 680 3504 respondere.
728 3424 872 3498 Aeacus
893 3422 991 3485 homo
1015 3420 1224 3494 iustissimus,

175 3536 267 3590 uetat
289 3536 323 3590 et
346 3527 437 3589 ilium
461 3528 565 3590 altera
587 3537 716 3590 tantum
737 3537 831 3608 parte
848 3527 959 3588 audita
976 3524 1176 3588 condemnat
1192 3533 1225 3585 et

175 3630 239 3693 ait:
266 3627 337 3692 αἴκε
357 3625 459 3692 πάθοι
475 3628 517 3692 τά
532 3628 560 3692 τ’
578 3628 671 3712 ἔρεξε,
689 3626 761 3708 δίκη
778 3628 807 3691 κ’
826 3624 908 3691 ἰθεῖα
924 3625 1057 3707 γένοιτο.
1105 3628 1224 3708 ingens
