2684 4094
133 278 194 326 110
396 271 606 321 FRAGMENTS
628 271 674 321 OF
696 271 822 321 ROMAN
846 272 971 322 SATIRE

182 451 240 494 ses,
248 430 339 494 illum
352 448 486 510 semper
498 447 628 490 mecum
644 427 819 490 habitasse.
888 444 941 506 77.
964 448 1055 509 rogo,
1072 429 1236 493 Habinna

182 544 323 616 —puto,
340 531 586 596 interfuisti—:
612 537 674 593 “tu
693 531 860 593 dominam
879 541 971 594 tuam
990 533 1032 595 de
1051 533 1150 595 rebus
1169 534 1236 599 illis

182 637 301 701 fecisti.
347 646 383 700 tu
414 656 532 718 parum
559 634 639 697 felix
661 635 695 697 in
719 635 843 698 amicos
866 656 911 698 es
958 656 1058 699 nemo
1085 658 1236 720 unquam

88 781 92 785 -
182 742 243 805 tibi
266 761 380 823 parem
404 740 545 821 gratiam
568 739 680 802 refert.
727 748 763 801 tu
788 739 965 803 latifundia
990 740 1149 821 possides.
1199 752 1235 805 tu

146 873 159 919 5
183 845 333 926 uiperam
358 844 419 907 sub
439 845 492 905 ala
516 842 687 905 nutricas”
710 852 751 918 et,
773 843 862 925 quod
884 843 978 906 uobis
999 865 1066 906 non
1086 845 1235 922 dixerim,

183 959 216 1012 et
232 970 320 1012 nunc
345 947 390 1010 mi
412 955 537 1010 restare
558 946 645 1008 uitae
664 966 770 1009 annos
793 946 929 1028 triginta
945 957 979 1010 et
994 968 1127 1012 menses
1144 961 1238 1031 quat-

183 1063 259 1116 tuor
274 1061 307 1115 et
322 1052 395 1115 dies
410 1050 503 1113 duos,
550 1060 725 1131 praeterea
740 1049 805 1113 cito
822 1050 983 1133 accipiam
1005 1052 1235 1116 hereditatem.

184 1156 248 1220 hoc
271 1155 352 1218 mihi
375 1154 454 1218 dicit
477 1154 567 1216 fatus
591 1174 693 1217 meus.
741 1154 831 1235 quod
856 1154 884 1216 si
909 1155 1085 1236 contigerit
1111 1157 1239 1220 fundos

185 1259 331 1341 Apuliae
361 1259 508 1339 iungere,
534 1256 613 1320 satis
637 1257 733 1319 uiuus
759 1278 952 1339 peruenero
1000 1260 1130 1323 interim
1156 1262 1238 1323 dum

82 1397 87 1407 .
134 1393 162 1425 10
187 1362 374 1427 Mercurius
404 1361 529 1443 uigilat,
555 1361 728 1423 aedificaui
759 1362 845 1424 hanc
877 1363 1020 1425 domum.
1069 1373 1104 1426 ut
1135 1364 1238 1441 scitis,

185 1467 299 1531 casula
322 1475 408 1542 erat;
433 1486 521 1528 nunc
542 1464 704 1546 templum
721 1474 780 1527 est.
829 1466 929 1529 habet
946 1476 1101 1548 quattuor
1117 1470 1241 1541 cenati-

186 1575 277 1647 oneS,
294 1570 446 1634 cubicula
464 1567 591 1649 uiginti,
610 1569 757 1650 porticus
773 1580 991 1632 marmoratos
1010 1572 1104 1646 duos,
1122 1592 1239 1635 susum

186 1674 405 1750 cenationem,
419 1672 607 1736 cubiculum
621 1672 654 1734 in
668 1693 733 1754 quo
750 1673 822 1753 ipse
839 1673 975 1749 dormio,
988 1673 1122 1756 uiperae
1140 1676 1241 1741 huius

187 1777 374 1854 sessorium‚
392 1776 516 1840 ostiarii
533 1776 651 1839 cellam
665 1777 866 1858 'perbonam3
891 1778 1077 1859 hospitium¹
1089 1780 1240 1861 hospites

136 1913 163 1959 ις
186 1882 284 1965 capit.
332 1882 374 1944 ad
398 1900 572 1955 summam,
598 1880 743 1944 Scaurus
764 1901 840 1943 cum
864 1880 929 1944 huc
953 1881 1055 1957 uenit,
1073 1903 1240 1964 nusquam

187 1986 347 2049 mauoluit
370 1983 539 2066 hospitari,
565 1993 599 2047 et
625 1984 727 2046 habet
750 1984 907 2047 ad'mare
930 1994 1106 2067 paternum
1131 1987 1242 2069 hospi-

186 2090 278 2152 tium.
325 2099 359 2153 et
382 2089 487 2151 multa
510 2087 574 2150 alia
598 2096 684 2164 sunt,
702 2108 788 2169 quae
809 2088 920 2150 statim
942 2089 1036 2151 uobis
1054 2090 1238 2154 ostendam.

187 2193 311 2257 credite
327 2192 424 2255 mihi:
448 2212 558 2254 assem
575 2191 709 2266 habeas,
728 2198 837 2254 assem
853 2193 984 2270 ualeas;
1010 2193 1122 2270 habes,
1141 2195 1242 2258 habe-

186 2297 283 2361 beris,
330 2297 377 2360 sic
400 2295 527 2358 amicus
550 2304 670 2371 uester,
695 2295 752 2377 qui
778 2294 842 2358 fuit
868 2316 958 2372 rana,
984 2317 1072 2360 nunc
1087 2301 1147 2361 'est
1171 2319 1238 2361 rex.

135 2426 165 2458 ω
187 2401 328 2477 interim,
346 2399 469 2476 Stiche‚
488 2399 603 2481 profer
618 2398 739 2473 uitalia,
757 2398 791 2461 in
808 2399 928 2481 quibus
944 2400 1021 2463 uolo
1042 2421 1095 2464 me
1115 2402 1238 2465 efferri.

187 2505 302 2587 profer
317 2515 351 2568 et
366 2514 576 2585 unguentum
592 2513 625 2566 et
641 2523 681 2566 ex
696 2503 752 2566 illa
768 2504 930 2586 amphora
953 2513 1098 2586 gustum,
1116 2525 1158 2568 ex
1173 2527 1241 2588 qua

187 2608 284 2672 iubeo
301 2607 406 2672 lauari
421 2628 497 2671 ossa
513 2607 608 2670 mea.⁹

232 2715 285 2791 78.
311 2721 446 2776 nonest
465 2720 613 2774 moratus
630 2711 775 2787 Stichus
793 2711 852 2775 sed
873 2721 907 2775 et
928 2712 1110 2794 stragulam
1128 2712 1241 2777 albam

188 2826 221 2880 et
237 2825 442 2899 praetextam
458 2815 492 2877 in
507 2814 685 2879 triclinium
702 2815 812 2878 attulit

135 2944 163 2991 25
187 2920 348 3003 iussitque
371 2940 432 2983 nos
454 2929 628 3000 temptare,
646 2939 689 2981 an
712 2919 808 2981 bonis
832 2919 916 2982 lanis
937 2930 1051 2986 essent
1071 2922 1238 2986 confecta.

141 3107 143 3111 y
186 3034 257 3088 tum
270 3023 445 3088 subridens
458 3023 551 3086 ‘uide
563 3023 615 3086 tu'
630 3022 737 3104 inquit
750 3023 889 3099 ‘Stiche,
904 3043 946 3086 ne
961 3023 1025 3086 ista
1042 3044 1153 3088 mures
1168 3035 1241 3089 tan-

186 3139 269 3210 gant
282 3138 339 3191 aut
350 3127 475 3200 tineae;
496 3126 641 3209 alioquin
653 3137 686 3190 te
699 3127 813 3189 uiuum
826 3127 1026 3191 comburam.
1066 3148 1130 3209 ego
1143 3129 1241 3211 glori-

186 3253 265 3296 osus
277 3232 353 3295 uolo
366 3230 486 3306 efferri,
500 3240 536 3293 ut
549 3239 639 3294 totus
655 3230 736 3293 mihi
752 3231 897 3313 populus
912 3231 999 3295 bene
1015 3231 1238 3314 imprecetur.'

187 3335 297 3399 statim
321 3335 503 3416 ampullam
526 3333 620 3397 nardi
644 3334 774 3416 aperuit
797 3355 979 3418 omnesque
1003 3356 1064 3399 nos
1088 3336 1181 3400 unxit
1204 3348 1240 3402 et

133 3470 163 3516 30
188 3440 317 3522 ‘spero’
330 3439 437 3521 inquit
451 3439 617 3501 ‘futurum
636 3448 670 3501 ut
686 3459 791 3521 aeque
808 3447 861 3502 me
877 3449 1044 3502 mortuum
1061 3440 1152 3504 iuuet
1167 3451 1240 3504 tan-

186 3564 286 3626 quam
302 3543 435 3606 uiuum.’
476 3563 555 3604 nam
571 3541 685 3604 uinum
702 3543 836 3625 quidem
851 3542 885 3605 in
901 3543 1063 3606 uinarium
1081 3544 1176 3608 iussit
1192 3545 1240 3608 in-

186 3647 282 3711 fundi
292 3653 466 3729 et‘putate
477 3645 677 3710 uos’ait‘ad
688 3646 873 3728 parentalia
885 3667 959 3710 mea
971 3646 1128 3711 inuitatos
1140 3651 1237 3714 esse?
