2684 4094
159 242 216 292 102
428 255 643 311 FRAGMENTS
666 263 711 312 OF
734 263 859 312 ROMAN
883 263 1008 313 SATlRE

209 395 252 458 ab
285 399 343 468 illa
379 413 471 492 petii,
505 438 677 501 nunquam
713 421 793 483 mihi
827 431 1004 502 negatum;
1040 421 1120 484 fecit
1150 442 1272 496 assem,

211 504 389 576 semissem
414 518 536 599 habui;
561 522 715 608 quicquid
736 523 841 600 latui,
859 525 892 587 in
910 525 997 588 illius
1013 525 1121 588 sinum
1138 525 1274 588 deman-

212 605 301 685 daui,
326 635 565 705 necunquam
590 629 752 692 fefellitus
775 650 857 691 sum.
905 629 1002 691 huius
1024 628 1273 691 contubernalis

213 710 255 773 ad
272 715 390 785 uillam
408 745 603 808 supremum
620 733 706 795 diem
723 732 811 795 obiit.
860 731 972 813 itaque
989 753 1048 813 per
1065 742 1195 794 scutum
1212 753 1275 813 per

177 846 190 894 5
214 835 350 932 Oefeam
361 846 425 909 ego
439 833 582 913 aginaui,
595 837 875 918 quemadmodum
887 837 927 898 ad
942 837 1030 898 illam
1044 836 1272 917 peruenirem:

215 922 306 986 serris
332 943 456 1008 autem,
482 937 515 1000 in
543 941 705 1022 angustiis
733 941 830 1003 amici
854 950 1026 1021 apparent,
1098 943 1151 1005 62.
1184 941 1273 1003 forte

216 1025 374 1098 dominus
406 1039 558 1122 Capuam
585 1045 708 1108 exierat
736 1045 778 1107 ad
805 1054 915 1107 scruta
943 1044 1026 1106 scita
1053 1044 1271 1125 expedienda.

217 1143 339 1200 nactus
362 1160 427 1223 ego
450 1148 658 1212 occasionem
675 1149 859 1230 persuadeo
877 1148 1042 1228 hospitem
1059 1157 1217 1222 nostrum,
1237 1158 1274 1210 ut

218 1256 351 1303 mecum
369 1247 411 1309 ad
428 1250 580 1331 quintum
597 1253 771 1315 miliarium
789 1252 907 1315 ueniat.
957 1261 1028 1313 erat
1043 1261 1155 1314 autern
1167 1251 1272 1328 mileS,

168 1376 196 1411 10
219 1341 316 1407 tortis
339 1357 501 1434 tanquam
519 1357 635 1420 Orcus
683 1357 899 1439 apoculamus
916 1376 976 1417 nos
993 1355 1079 1418 circa
1095 1353 1271 1436 gallicinia,

220 1447 300 1510 luna
327 1452 461 1521 lucebat
487 1469 646 1542 tanquam
678 1460 822 1524 meridie.
871 1459 1022 1522 uenimus
1054 1459 1140 1521 intra
1171 1459 1273 1520 moni-

220 1564 353 1620 menta:
380 1561 479 1626 homo
504 1585 597 1628 meus
620 1566 730 1647 coepit
753 1564 795 1627 ad
819 1565 920 1626 stelas
944 1564 1065 1638 facere,
1083 1563 1184 1625 sedeo
1208 1583 1273 1643 ego

221 1661 456 1729 cantabundus
481 1677 514 1730 et
539 1669 640 1733 stelas
667 1689 813 1731 numero
861 1667 981 1730 deinde
1009 1676 1045 1729 ut
1072 1666 1202 1747 respexi
1229 1667 1273 1728 ad

222 1765 388 1844 comitem,
413 1770 467 1835 ille
494 1773 583 1836 exuit
608 1793 643 1836 se
669 1784 702 1835 et
727 1772 838 1835 omnia
863 1771 1062 1834 uestimenta
1087 1771 1272 1833 secundum

171 1904 197 1952 15
222 1867 311 1932 uiam
329 1874 447 1954 posuit.
495 1877 576 1940 mihi
592 1877 701 1940 anima
717 1876 750 1939 in
768 1896 849 1939 naso
865 1896 947 1951 esse,
965 1874 1094 1938 stabam
1110 1885 1272 1956 tanquam

223 1984 382 2041 mortuus.
429 1989 462 2043 at
483 1981 537 2045 ille
558 1981 799 2046 circumminxit
820 1980 1019 2044 uestimenta
1036 1988 1145 2041 suaet
1162 1979 1272 2042 subito

223 2082 322 2161 lupus
346 2083 457 2148 factus
480 2096 539 2149 est.
586 2086 688 2149 nolite
712 2105 764 2148 me
787 2084 889 2148 iocari
907 2094 1043 2165 putare;
1068 2092 1104 2145 ut
1121 2083 1271 2156 mentiar,

223 2185 346 2250 nullius
373 2189 608 2270 patrimonium
634 2190 718 2253 tanti
742 2189 838 2252 iacio.
886 2189 954 2263 sed,
979 2188 1068 2270 quod
1095 2207 1272 2268 coeperam

224 2290 344 2367 dicere,
369 2303 546 2376 postquam
570 2295 669 2376 lupus
693 2294 803 2356 factus
826 2303 885 2368 est,
904 2292 1029 2355 ululare
1053 2291 1162 2372 coepit
1183 2299 1216 2353 et
1238 2291 1270 2353 in

172 2433 200 2464 20
224 2394 325 2459 siluas
346 2397 442 2479 fugit.
489 2418 552 2479 ego
569 2397 721 2479 primitus
736 2396 926 2460 nesciebam
943 2395 999 2458 ubi
1015 2415 1133 2470 essem,
1151 2394 1272 2457 deinde

225 2500 359 2576 accessi,
378 2511 414 2564 ut
437 2502 636 2565 uestimenta
657 2501 727 2564 eius
748 2501 917 2564 tollerem:
941 2500 996 2561 illa
1012 2509 1123 2562 autem
1140 2498 1272 2579 lapidea

225 2606 315 2667 facta
339 2614 424 2668 sunt.
472 2607 528 2689 qui
551 2606 634 2669 mori
650 2605 767 2669 timore
784 2605 847 2667 nisi
863 2605 949 2685 ego?
995 2603 1142 2684 gladium
1158 2611 1271 2665 tamen

225 2707 340 2772 strinxi
363 2718 397 2772 et
421 2709 454 2772 in
479 2719 549 2773 tota
576 2709 630 2772 uia
654 2709 789 2771 umbras
816 2708 928 2782 cecidi,
956 2709 1072 2770 donec.
1088 2707 1130 2769 ad
1158 2706 1270 2768 uillam

225 2813 351 2876 amicae
374 2834 469 2877 meae
492 2813 710 2895 peruenirem.
758 2822 794 2875 ut
817 2814 910 2875 larua
934 2810 1063 2885 intraui,
1081 2801 1188 2891 paene
1205 2810 1271 2871 ani-

173 2946 201 2994 25
225 2938 312 2979 mam
344 2917 487 2993 ebulliui‚
513 2918 614 2981 sudor
636 2917 716 2979 mihi
744 2937 803 2998 per
826 2916 992 2978 bifurcum
1017 2914 1159 2986 uolabat,
1185 2914 1271 2975 oculi

226 3021 354 3097 mortui,
372 3022 426 3084 uix
450 3042 597 3104 unquam
619 3022 765 3084 refectus
785 3041 867 3082 sum.
917 3019 1053 3082 Melissa
1070 3038 1143 3080 mea
1161 3017 1271 3078 mirari

225 3125 345 3206 coepit,
370 3126 458 3208 quod
483 3135 550 3188 tam
575 3145 648 3188 sero
673 3120 886 3197 ambularem,
911 3133 944 3186 et
962 3123 1018 3185 “si
1041 3120 1146 3184 ante’'
1165 3120 1271 3202 inquit

227 3234 244 3260 “
258 3229 416 3306 uenisses,
434 3230 552 3293 saltem
575 3229 671 3291 nobis
695 3229 898 3303 adiutasses;
924 3228 1022 3307 lupus
1046 3225 1133 3289 enirn
1158 3225 1270 3286 uillam

225 3333 361 3395 intrauit
385 3343 419 3396 et
441 3333 552 3396 omnia
575 3351 696 3413 pecora
714 3329 865 3415 perculit,
886 3340 1043 3412 tanquam
1068 3329 1175 3391 lanius
1200 3348 1272 3390 san-

173 3465 202 3511 30
225 3435 360 3518 guinem
383 3437 447 3500 illis
470 3437 566 3499 misit.
614 3456 675 3500 nec
703 3445 815 3498 tamen
839 3434 960 3507 derisit,
987 3434 1086 3495 etiarn
1113 3433 1140 3494 si
1165 3432 1270 3512 fugit;

226 3559 342 3602 seruus
364 3541 453 3603 enim
477 3550 590 3620 noster
607 3539 723 3601 lancea
746 3539 866 3600 collum
892 3538 961 3599 eius
982 3536 1140 3598 traiecit.”
1188 3536 1271 3597 hacc

225 3652 262 3706 ut
284 3644 404 3720 audiui,
430 3643 559 3725 operire
584 3642 697 3705 oculos
721 3641 862 3722 amplius
889 3661 955 3702 non
983 3639 1085 3721 potui,
1112 3640 1170 3701 sed
1198 3639 1272 3700 luce
