<?xml version="1.0" encoding="UTF-8"?>
<!DOCTYPE html PUBLIC "-//W3C//DTD XHTML 1.0 Transitional//EN"
    "http://www.w3.org/TR/xhtml1/DTD/xhtml1-transitional.dtd">
<html xmlns="http://www.w3.org/1999/xhtml" xml:lang="en" lang="en">
 <head>
  <title>
</title>
<meta http-equiv="Content-Type" content="text/html;charset=utf-8" />
  <meta name='ocr-system' content='tesseract 3.04.00' />
  <meta name='ocr-capabilities' content='ocr_page ocr_carea ocr_par ocr_line ocrx_word'/>
</head>
<body>
  <div class='ocr_page' id='page_1' title='image "./fragmentsromans00unkngoog_0142.png"; bbox 0 0 2684 4094; ppageno 0'>
   <div class='ocr_carea' id='block_1_1' title="bbox 590 270 1207 343">
    <p class='ocr_par' dir='ltr' id='par_1_1' title="bbox 590 270 1207 343">
     <span class='ocr_line' id='line_1_1' title="bbox 590 270 1207 343; baseline 0.003 -26"><span class='ocrx_word' id='word_1_1' title='bbox 590 270 724 318; x_wconf 77' lang='lat' dir='ltr'>sennen</span> <span class='ocrx_word' id='word_1_2' title='bbox 1150 278 1207 343; x_wconf 86' lang='lat'>133</span> 
     </span>
    </p>
   </div>
   <div class='ocr_carea' id='block_1_2' title="bbox 75 426 1277 1965">
    <p class='ocr_par' dir='ltr' id='par_1_2' title="bbox 75 426 1212 1131">
     <span class='ocr_line' id='line_1_2' title="bbox 161 426 1210 509; baseline 0.001 -18"><span class='ocrx_word' id='word_1_3' title='bbox 161 446 213 492; x_wconf 88' lang='lat'>12.</span> <span class='ocrx_word' id='word_1_4' title='bbox 243 428 322 491; x_wconf 92' lang='lat' dir='ltr'>dum</span> <span class='ocrx_word' id='word_1_5' title='bbox 346 427 554 491; x_wconf 90' lang='lat' dir='ltr'>descendunt</span> <span class='ocrx_word' id='word_1_6' title='bbox 578 426 740 508; x_wconf 87' lang='lat' dir='ltr'>peruiam</span> <span class='ocrx_word' id='word_1_7' title='bbox 764 447 901 503; x_wconf 92' lang='lat' dir='ltr'>sacram,</span> <span class='ocrx_word' id='word_1_8' title='bbox 919 428 1103 509; x_wconf 89' lang='lat' dir='ltr'>interrogat</span> <span class='ocrx_word' id='word_1_9' title='bbox 1125 431 1210 492; x_wconf 88' lang='lat' dir='ltr'>Mer-</span> 
     </span>
     <span class='ocr_line' id='line_1_3' title="bbox 159 517 1208 613; baseline 0 -18"><span class='ocrx_word' id='word_1_10' title='bbox 159 532 278 606; x_wconf 91' lang='lat' dir='ltr'>curius,</span> <span class='ocrx_word' id='word_1_11' title='bbox 307 531 386 613; x_wconf 90' lang='lat' dir='ltr'>quid</span> <span class='ocrx_word' id='word_1_12' title='bbox 418 517 482 593; x_wconf 91' lang='lat' dir='ltr'>sibi</span> <span class='ocrx_word' id='word_1_13' title='bbox 512 530 592 592; x_wconf 93' lang='lat' dir='ltr'>uelit</span> <span class='ocrx_word' id='word_1_14' title='bbox 622 530 676 592; x_wconf 91' lang='lat' dir='ltr'>ille</span> <span class='ocrx_word' id='word_1_15' title='bbox 708 550 888 593; x_wconf 86' lang='lat' dir='ltr'>concursus</span> <span class='ocrx_word' id='word_1_16' title='bbox 920 531 1099 607; x_wconf 89' lang='lat' dir='ltr'>bominum,</span> <span class='ocrx_word' id='word_1_17' title='bbox 1129 554 1208 595; x_wconf 92' lang='lat' dir='ltr'>num</span> 
     </span>
     <span class='ocr_line' id='line_1_4' title="bbox 160 634 1209 701; baseline -0.001 -1"><span class='ocrx_word' id='word_1_18' title='bbox 160 635 289 701; x_wconf 88' lang='lat' dir='ltr'>Claudii</span> <span class='ocrx_word' id='word_1_19' title='bbox 313 636 415 697; x_wconf 84' lang='lat' dir='ltr'>funus</span> <span class='ocrx_word' id='word_1_20' title='bbox 439 634 549 697; x_wconf 88' lang='lat' dir='ltr'>esset?</span> <span class='ocrx_word' id='word_1_21' title='bbox 595 643 628 696; x_wconf 93' lang='lat' dir='ltr'>et</span> <span class='ocrx_word' id='word_1_22' title='bbox 655 643 725 695; x_wconf 89' lang='lat' dir='ltr'>erat</span> <span class='ocrx_word' id='word_1_23' title='bbox 753 634 900 696; x_wconf 92' lang='lat' dir='ltr'>omnium</span> <span class='ocrx_word' id='word_1_24' title='bbox 931 635 1209 699; x_wconf 84' lang='lat' dir='ltr'>formosissimum</span> 
     </span>
     <span class='ocr_line' id='line_1_5' title="bbox 127 738 1211 821; baseline 0 -18"><span class='ocrx_word' id='word_1_25' title='bbox 127 806 129 810; x_wconf 69' lang='grc'><strong>,</strong></span> <span class='ocrx_word' id='word_1_26' title='bbox 159 750 193 804; x_wconf 88' lang='lat' dir='ltr'>et</span> <span class='ocrx_word' id='word_1_27' title='bbox 215 739 368 821; x_wconf 91' lang='lat' dir='ltr'>impensa</span> <span class='ocrx_word' id='word_1_28' title='bbox 391 758 478 813; x_wconf 92' lang='lat' dir='ltr'>cura,</span> <span class='ocrx_word' id='word_1_29' title='bbox 492 738 591 819; x_wconf 93' lang='lat' dir='ltr'>plane</span> <span class='ocrx_word' id='word_1_30' title='bbox 615 747 652 800; x_wconf 88' lang='lat' dir='ltr'>ut</span> <span class='ocrx_word' id='word_1_31' title='bbox 679 738 780 811; x_wconf 83' lang='lat' dir='ltr'>scires</span> <span class='ocrx_word' id='word_1_32' title='bbox 807 739 907 801; x_wconf 93' lang='lat' dir='ltr'>deum</span> <span class='ocrx_word' id='word_1_33' title='bbox 935 739 1065 802; x_wconf 82' lang='lat' dir='ltr'>efferri:</span> <span class='ocrx_word' id='word_1_34' title='bbox 1098 741 1211 804; x_wconf 93' lang='lat' dir='ltr'>tubici-</span> 
     </span>
     <span class='ocr_line' id='line_1_6' title="bbox 75 841 1209 932; baseline 0 -25"><span class='ocrx_word' id='word_1_35' title='bbox 75 925 81 932; x_wconf 31' lang='lat'><strong>·</strong></span> <span class='ocrx_word' id='word_1_36' title='bbox 121 873 136 922; x_wconf 82' lang='lat'><strong>5</strong></span> <span class='ocrx_word' id='word_1_37' title='bbox 160 864 249 919; x_wconf 93' lang='lat' dir='ltr'>num,</span> <span class='ocrx_word' id='word_1_38' title='bbox 267 842 481 918; x_wconf 86' lang='lat' dir='ltr'><strong>cornicinum,</strong></span> <span class='ocrx_word' id='word_1_39' title='bbox 499 842 606 904; x_wconf 93' lang='lat' dir='ltr'>omnis</span> <span class='ocrx_word' id='word_1_40' title='bbox 629 841 761 923; x_wconf 90' lang='lat' dir='ltr'>generis</span> <span class='ocrx_word' id='word_1_41' title='bbox 780 852 976 905; x_wconf 88' lang='lat' dir='ltr'>aenatorum</span> <span class='ocrx_word' id='word_1_42' title='bbox 993 854 1086 906; x_wconf 88' lang='lat' dir='ltr'>tanta</span> <span class='ocrx_word' id='word_1_43' title='bbox 1102 845 1209 921; x_wconf 92' lang='lat' dir='ltr'>turba,</span> 
     </span>
     <span class='ocr_line' id='line_1_7' title="bbox 159 945 1208 1031; baseline 0.002 -21"><span class='ocrx_word' id='word_1_44' title='bbox 159 957 273 1011; x_wconf 88' lang='lat' dir='ltr'>tantus</span> <span class='ocrx_word' id='word_1_45' title='bbox 311 956 503 1021; x_wconf 89' lang='lat' dir='ltr'>concentus,</span> <span class='ocrx_word' id='word_1_46' title='bbox 536 955 572 1008; x_wconf 93' lang='lat' dir='ltr'>ut</span> <span class='ocrx_word' id='word_1_47' title='bbox 609 945 709 1008; x_wconf 88' lang='lat' dir='ltr'>etiam</span> <span class='ocrx_word' id='word_1_48' title='bbox 748 945 907 1011; x_wconf 90' lang='lat' dir='ltr'>Claudius</span> <span class='ocrx_word' id='word_1_49' title='bbox 942 948 1055 1010; x_wconf 91' lang='lat' dir='ltr'>audire</span> <span class='ocrx_word' id='word_1_50' title='bbox 1087 958 1208 1031; x_wconf 89' lang='lat' dir='ltr'>posset.</span> 
     </span>
     <span class='ocr_line' id='line_1_8' title="bbox 160 1050 1212 1131; baseline 0.002 -17"><span class='ocrx_word' id='word_1_51' title='bbox 160 1071 277 1115; x_wconf 89' lang='lat' dir='ltr'>omnes</span> <span class='ocrx_word' id='word_1_52' title='bbox 300 1050 387 1127; x_wconf 91' lang='lat' dir='ltr'>laeti,</span> <span class='ocrx_word' id='word_1_53' title='bbox 406 1050 547 1113; x_wconf 85' lang='lat' dir='ltr'>hilares:</span> <span class='ocrx_word' id='word_1_54' title='bbox 576 1051 720 1131; x_wconf 92' lang='lat' dir='ltr'>populus</span> <span class='ocrx_word' id='word_1_55' title='bbox 746 1051 918 1113; x_wconf 93' lang='lat' dir='ltr'>Romanus</span> <span class='ocrx_word' id='word_1_56' title='bbox 935 1052 1127 1115; x_wconf 82' lang='lat' dir='ltr'>ambulabat</span> <span class='ocrx_word' id='word_1_57' title='bbox 1143 1062 1212 1116; x_wconf 89' lang='lat' dir='ltr'>tan-</span> 
     </span>
    </p>

    <p class='ocr_par' dir='ltr' id='par_1_3' title="bbox 81 1154 1277 1965">
     <span class='ocr_line' id='line_1_9' title="bbox 81 1154 1277 1238; baseline 0.002 -20"><span class='ocrx_word' id='word_1_58' title='bbox 81 1222 84 1227; x_wconf 60' lang='grc'><strong><em>,</em></strong></span> <span class='ocrx_word' id='word_1_59' title='bbox 161 1176 260 1238; x_wconf 92' lang='lat' dir='ltr'>quarn</span> <span class='ocrx_word' id='word_1_60' title='bbox 284 1155 375 1218; x_wconf 93' lang='lat' dir='ltr'>liber.</span> <span class='ocrx_word' id='word_1_61' title='bbox 423 1155 561 1235; x_wconf 89' lang='lat' dir='ltr'>Agatho</span> <span class='ocrx_word' id='word_1_62' title='bbox 584 1163 618 1216; x_wconf 91' lang='lat' dir='ltr'>et</span> <span class='ocrx_word' id='word_1_63' title='bbox 641 1154 738 1235; x_wconf 92' lang='lat' dir='ltr'>pauci</span> <span class='ocrx_word' id='word_1_64' title='bbox 761 1154 918 1218; x_wconf 88' lang='lat' dir='ltr'>causidici</span> <span class='ocrx_word' id='word_1_65' title='bbox 942 1156 1127 1236; x_wconf 83' lang='lat' dir='ltr'>plorabant,</span> <span class='ocrx_word' id='word_1_66' title='bbox 1152 1158 1211 1220; x_wconf 93' lang='lat' dir='ltr'>sed</span> <span class='ocrx_word' id='word_1_67' title='bbox 1267 1172 1277 1180; x_wconf 86' lang='lat'>·</span> 
     </span>
     <span class='ocr_line' id='line_1_10' title="bbox 161 1257 1210 1341; baseline 0.003 -20"><span class='ocrx_word' id='word_1_68' title='bbox 161 1260 260 1341; x_wconf 90' lang='lat' dir='ltr'>plane</span> <span class='ocrx_word' id='word_1_69' title='bbox 284 1279 324 1323; x_wconf 89' lang='lat' dir='ltr'>ex</span> <span class='ocrx_word' id='word_1_70' title='bbox 347 1259 467 1321; x_wconf 90' lang='lat' dir='ltr'>animo.</span> <span class='ocrx_word' id='word_1_71' title='bbox 514 1257 738 1320; x_wconf 88' lang='lat' dir='ltr'>iurisconsulti</span> <span class='ocrx_word' id='word_1_72' title='bbox 761 1278 780 1321; x_wconf 89' lang='lat' dir='ltr'>e</span> <span class='ocrx_word' id='word_1_73' title='bbox 805 1259 950 1321; x_wconf 91' lang='lat' dir='ltr'>tenebris</span> <span class='ocrx_word' id='word_1_74' title='bbox 974 1260 1210 1340; x_wconf 85' lang='lat' dir='ltr'>procedebant,</span> 
     </span>
     <span class='ocr_line' id='line_1_11' title="bbox 110 1362 1212 1445; baseline -0.002 -16"><span class='ocrx_word' id='word_1_75' title='bbox 110 1397 138 1429; x_wconf 88' lang='lat'>10</span> <span class='ocrx_word' id='word_1_76' title='bbox 161 1363 284 1445; x_wconf 92' lang='lat' dir='ltr'>pallidi,</span> <span class='ocrx_word' id='word_1_77' title='bbox 301 1362 451 1445; x_wconf 86' lang='lat' dir='ltr'>graciles,</span> <span class='ocrx_word' id='word_1_78' title='bbox 469 1362 524 1425; x_wconf 85' lang='lat' dir='ltr'>uix</span> <span class='ocrx_word' id='word_1_79' title='bbox 542 1363 687 1424; x_wconf 90' lang='lat' dir='ltr'>animam</span> <span class='ocrx_word' id='word_1_80' title='bbox 704 1362 875 1438; x_wconf 88' lang='lat' dir='ltr'>habentes,</span> <span class='ocrx_word' id='word_1_81' title='bbox 892 1372 1052 1445; x_wconf 88' lang='lat' dir='ltr'>tanquam</span> <span class='ocrx_word' id='word_1_82' title='bbox 1068 1365 1125 1445; x_wconf 92' lang='lat' dir='ltr'>qui</span> <span class='ocrx_word' id='word_1_83' title='bbox 1141 1375 1212 1427; x_wconf 94' lang='lat' dir='ltr'>tum</span> 
     </span>
     <span class='ocr_line' id='line_1_12' title="bbox 162 1465 1212 1550; baseline 0.003 -21"><span class='ocrx_word' id='word_1_84' title='bbox 162 1468 301 1530; x_wconf 88' lang='lat' dir='ltr'>maxime</span> <span class='ocrx_word' id='word_1_85' title='bbox 325 1466 572 1530; x_wconf 89' lang='lat' dir='ltr'>reuiuiscerent.</span> <span class='ocrx_word' id='word_1_86' title='bbox 619 1485 660 1529; x_wconf 89' lang='lat' dir='ltr'>ex</span> <span class='ocrx_word' id='word_1_87' title='bbox 681 1465 732 1528; x_wconf 94' lang='lat' dir='ltr'>bis</span> <span class='ocrx_word' id='word_1_88' title='bbox 753 1487 840 1529; x_wconf 94' lang='lat' dir='ltr'>unus</span> <span class='ocrx_word' id='word_1_89' title='bbox 856 1487 931 1529; x_wconf 92' lang='lat' dir='ltr'>cum</span> <span class='ocrx_word' id='word_1_90' title='bbox 949 1467 1086 1531; x_wconf 91' lang='lat' dir='ltr'>uidisset</span> <span class='ocrx_word' id='word_1_91' title='bbox 1101 1469 1212 1550; x_wconf 90' lang='lat' dir='ltr'>capita</span> 
     </span>
     <span class='ocr_line' id='line_1_13' title="bbox 161 1570 1213 1652; baseline 0.003 -18"><span class='ocrx_word' id='word_1_92' title='bbox 161 1572 373 1634; x_wconf 84' lang='lat' dir='ltr'>conferentes</span> <span class='ocrx_word' id='word_1_93' title='bbox 385 1580 418 1633; x_wconf 93' lang='lat' dir='ltr'>et</span> <span class='ocrx_word' id='word_1_94' title='bbox 430 1571 582 1633; x_wconf 84' lang='lat' dir='ltr'>fortunas</span> <span class='ocrx_word' id='word_1_95' title='bbox 595 1591 673 1633; x_wconf 92' lang='lat' dir='ltr'>suas</span> <span class='ocrx_word' id='word_1_96' title='bbox 685 1570 899 1652; x_wconf 89' lang='lat' dir='ltr'>deplorantes</span> <span class='ocrx_word' id='word_1_97' title='bbox 915 1572 1108 1648; x_wconf 91' lang='lat' dir='ltr'>causidicos,</span> <span class='ocrx_word' id='word_1_98' title='bbox 1123 1593 1213 1637; x_wconf 93' lang='lat' dir='ltr'>acce·</span> 
     </span>
     <span class='ocr_line' id='line_1_14' title="bbox 162 1674 1211 1755; baseline 0.001 -17"><span class='ocrx_word' id='word_1_99' title='bbox 162 1674 210 1738; x_wconf 91' lang='lat' dir='ltr'>dit</span> <span class='ocrx_word' id='word_1_100' title='bbox 222 1685 254 1737; x_wconf 88' lang='lat' dir='ltr'>et</span> <span class='ocrx_word' id='word_1_101' title='bbox 266 1675 328 1738; x_wconf 92' lang='lat' dir='ltr'>ait:</span> <span class='ocrx_word' id='word_1_102' title='bbox 352 1674 520 1737; x_wconf 87' lang='lat' dir='ltr'>‘dicebam</span> <span class='ocrx_word' id='word_1_103' title='bbox 532 1674 645 1737; x_wconf 88' lang='lat' dir='ltr'>uobis:</span> <span class='ocrx_word' id='word_1_104' title='bbox 667 1694 734 1736; x_wconf 93' lang='lat' dir='ltr'>non</span> <span class='ocrx_word' id='word_1_105' title='bbox 748 1694 880 1755; x_wconf 88' lang='lat' dir='ltr'>semper</span> <span class='ocrx_word' id='word_1_106' title='bbox 893 1675 1083 1739; x_wconf 88' lang='lat' dir='ltr'>Saturnalia</span> <span class='ocrx_word' id='word_1_107' title='bbox 1095 1678 1211 1739; x_wconf 91' lang='lat' dir='ltr'>erunt.&#39;</span> 
     </span>
     <span class='ocr_line' id='line_1_15' title="bbox 163 1771 1211 1853; baseline 0.003 -12"><span class='ocrx_word' id='word_1_108' title='bbox 163 1777 322 1842; x_wconf 89' lang='lat' dir='ltr'>Claudius</span> <span class='ocrx_word' id='word_1_109' title='bbox 335 1771 371 1840; x_wconf 77' lang='lat' dir='ltr'>ut</span> <span class='ocrx_word' id='word_1_110' title='bbox 383 1778 466 1841; x_wconf 92' lang='lat' dir='ltr'>uidit</span> <span class='ocrx_word' id='word_1_111' title='bbox 477 1779 580 1841; x_wconf 85' lang='lat' dir='ltr'>funus</span> <span class='ocrx_word' id='word_1_112' title='bbox 597 1798 702 1853; x_wconf 90' lang='lat' dir='ltr'>suum,</span> <span class='ocrx_word' id='word_1_113' title='bbox 717 1778 877 1841; x_wconf 87' lang='lat' dir='ltr'>intellexit</span> <span class='ocrx_word' id='word_1_114' title='bbox 892 1799 928 1841; x_wconf 92' lang='lat' dir='ltr'>se</span> <span class='ocrx_word' id='word_1_115' title='bbox 946 1789 1112 1842; x_wconf 93' lang='lat' dir='ltr'>mortuum</span> <span class='ocrx_word' id='word_1_116' title='bbox 1129 1801 1211 1844; x_wconf 89' lang='lat' dir='ltr'>esse.</span> 
     </span>
     <span class='ocr_line' id='line_1_16' title="bbox 112 1878 1213 1965; baseline 0.002 -21"><span class='ocrx_word' id='word_1_117' title='bbox 112 1911 138 1957; x_wconf 82' lang='lat'>15</span> <span class='ocrx_word' id='word_1_118' title='bbox 162 1881 290 1963; x_wconf 88' lang='lat' dir='ltr'>ingenti</span> <span class='ocrx_word' id='word_1_119' title='bbox 302 1882 391 1945; x_wconf 90' lang='lat' dir='ltr'>enim</span> <span class='ocrx_word' id='word_1_120' title='bbox 403 1878 538 1962; x_wconf 69' lang='grc' dir='ltr'>μεγάλῳ</span> <span class='ocrx_word' id='word_1_121' title='bbox 549 1879 671 1965; x_wconf 84' lang='grc' dir='ltr'>χορικῷ</span> <span class='ocrx_word' id='word_1_122' title='bbox 683 1881 782 1944; x_wconf 91' lang='lat' dir='ltr'>nenia</span> <span class='ocrx_word' id='word_1_123' title='bbox 795 1883 993 1945; x_wconf 89' lang='lat' dir='ltr'>cantabatur</span> <span class='ocrx_word' id='word_1_124' title='bbox 1005 1884 1213 1965; x_wconf 89' lang='lat' dir='ltr'>anapaestis:</span> 
     </span>
    </p>
   </div>
   <div class='ocr_carea' id='block_1_3' title="bbox 403 2089 1068 3711">
    <p class='ocr_par' dir='ltr' id='par_1_4' title="bbox 403 2089 1068 2483">
     <span class='ocr_line' id='line_1_17' title="bbox 407 2089 1068 2170; baseline 0.002 -18"><span class='ocrx_word' id='word_1_125' title='bbox 407 2090 555 2154; x_wconf 86' lang='lat' dir='ltr'>‘fundite</span> <span class='ocrx_word' id='word_1_126' title='bbox 572 2090 679 2166; x_wconf 89' lang='lat' dir='ltr'>fletus,</span> <span class='ocrx_word' id='word_1_127' title='bbox 697 2089 785 2152; x_wconf 89' lang='lat' dir='ltr'>edite</span> <span class='ocrx_word' id='word_1_128' title='bbox 801 2091 964 2170; x_wconf 92' lang='lat' dir='ltr'>planctus,</span> <span class='ocrx_word' id='word_1_129' title='bbox 993 2119 995 2124; x_wconf 93' lang='lat'>·</span> <span class='ocrx_word' id='word_1_130' title='bbox 1064 2114 1068 2120; x_wconf 92' lang='lat'>·</span> 
     </span>
     <span class='ocr_line' id='line_1_18' title="bbox 403 2193 938 2257; baseline 0 -1"><span class='ocrx_word' id='word_1_131' title='bbox 403 2204 537 2257; x_wconf 87' lang='lat' dir='ltr'>resonet</span> <span class='ocrx_word' id='word_1_132' title='bbox 551 2193 637 2256; x_wconf 89' lang='lat' dir='ltr'>tristi</span> <span class='ocrx_word' id='word_1_133' title='bbox 653 2194 796 2256; x_wconf 92' lang='lat' dir='ltr'>clamore</span> <span class='ocrx_word' id='word_1_134' title='bbox 812 2195 938 2256; x_wconf 88' lang='lat' dir='ltr'>iorum:</span> 
     </span>
     <span class='ocr_line' id='line_1_19' title="bbox 403 2297 972 2379; baseline 0.002 -18"><span class='ocrx_word' id='word_1_135' title='bbox 403 2297 523 2361; x_wconf 89' lang='lat' dir='ltr'>cecidit</span> <span class='ocrx_word' id='word_1_136' title='bbox 538 2298 676 2379; x_wconf 87' lang='lat' dir='ltr'>pulchre</span> <span class='ocrx_word' id='word_1_137' title='bbox 692 2297 847 2360; x_wconf 92' lang='lat' dir='ltr'>cordatus</span> <span class='ocrx_word' id='word_1_138' title='bbox 864 2298 972 2375; x_wconf 90' lang='lat' dir='ltr'>homo,</span> 
     </span>
     <span class='ocr_line' id='line_1_20' title="bbox 404 2400 868 2483; baseline 0.004 -20"><span class='ocrx_word' id='word_1_139' title='bbox 404 2421 470 2483; x_wconf 94' lang='lat' dir='ltr'>quo</span> <span class='ocrx_word' id='word_1_140' title='bbox 487 2422 553 2464; x_wconf 91' lang='lat' dir='ltr'>non</span> <span class='ocrx_word' id='word_1_141' title='bbox 570 2400 653 2463; x_wconf 91' lang='lat' dir='ltr'>alius</span> <span class='ocrx_word' id='word_1_142' title='bbox 670 2401 733 2463; x_wconf 83' lang='lat' dir='ltr'>fuit</span> <span class='ocrx_word' id='word_1_143' title='bbox 749 2401 782 2463; x_wconf 93' lang='lat' dir='ltr'>in</span> <span class='ocrx_word' id='word_1_144' title='bbox 798 2411 868 2465; x_wconf 92' lang='lat' dir='ltr'>toto</span> 
     </span>
    </p>

    <p class='ocr_par' dir='ltr' id='par_1_5' title="bbox 403 2504 624 2568">
     <span class='ocr_line' id='line_1_21' title="bbox 403 2504 624 2568; baseline -0.009 0"><span class='ocrx_word' id='word_1_145' title='bbox 403 2505 520 2568; x_wconf 77' lang='lat' dir='ltr'>fortior</span> <span class='ocrx_word' id='word_1_146' title='bbox 536 2504 624 2568; x_wconf 90' lang='lat' dir='ltr'>orbe.</span> 
     </span>
    </p>

    <p class='ocr_par' dir='ltr' id='par_1_6' title="bbox 403 2608 838 2672">
     <span class='ocr_line' id='line_1_22' title="bbox 403 2608 838 2672; baseline 0.002 -2"><span class='ocrx_word' id='word_1_147' title='bbox 403 2608 456 2671; x_wconf 93' lang='lat' dir='ltr'>ille</span> <span class='ocrx_word' id='word_1_148' title='bbox 473 2609 573 2672; x_wconf 95' lang='lat' dir='ltr'>citato</span> <span class='ocrx_word' id='word_1_149' title='bbox 590 2609 723 2671; x_wconf 93' lang='lat' dir='ltr'>uincere</span> <span class='ocrx_word' id='word_1_150' title='bbox 739 2629 838 2672; x_wconf 93' lang='lat' dir='ltr'>cursu</span> 
     </span>
    </p>

    <p class='ocr_par' dir='ltr' id='par_1_7' title="bbox 403 2713 1028 3314">
     <span class='ocr_line' id='line_1_23' title="bbox 405 2713 913 2794; baseline 0.002 -19"><span class='ocrx_word' id='word_1_151' title='bbox 405 2722 535 2794; x_wconf 88' lang='lat' dir='ltr'>poterat</span> <span class='ocrx_word' id='word_1_152' title='bbox 550 2713 684 2787; x_wconf 92' lang='lat' dir='ltr'>celeres,</span> <span class='ocrx_word' id='word_1_153' title='bbox 702 2713 757 2775; x_wconf 91' lang='lat' dir='ltr'>ille</span> <span class='ocrx_word' id='word_1_154' title='bbox 772 2713 913 2776; x_wconf 90' lang='lat' dir='ltr'>rebelles</span> 
     </span>
     <span class='ocr_line' id='line_1_24' title="bbox 404 2816 1028 2901; baseline 0.006 -23"><span class='ocrx_word' id='word_1_155' title='bbox 404 2816 546 2879; x_wconf 84' lang='lat' dir='ltr'>fundere</span> <span class='ocrx_word' id='word_1_156' title='bbox 565 2817 704 2879; x_wconf 92' lang='lat' dir='ltr'>Parthos</span> <span class='ocrx_word' id='word_1_157' title='bbox 720 2816 916 2899; x_wconf 89' lang='lat' dir='ltr'>leuibusque</span> <span class='ocrx_word' id='word_1_158' title='bbox 933 2818 1028 2901; x_wconf 91' lang='lat' dir='ltr'>sequi</span> 
     </span>
     <span class='ocr_line' id='line_1_25' title="bbox 406 2919 931 3002; baseline 0 -20"><span class='ocrx_word' id='word_1_159' title='bbox 406 2919 541 2983; x_wconf 91' lang='lat' dir='ltr'>Persida</span> <span class='ocrx_word' id='word_1_160' title='bbox 555 2920 639 2995; x_wconf 86' lang='lat' dir='ltr'>telis,</span> <span class='ocrx_word' id='word_1_161' title='bbox 657 2930 813 3002; x_wconf 88' lang='lat' dir='ltr'>certaque</span> <span class='ocrx_word' id='word_1_162' title='bbox 829 2942 931 2983; x_wconf 91' lang='lat' dir='ltr'>manu</span> 
     </span>
     <span class='ocr_line' id='line_1_26' title="bbox 403 3025 996 3106; baseline 0.005 -20"><span class='ocrx_word' id='word_1_163' title='bbox 403 3025 542 3087; x_wconf 89' lang='lat' dir='ltr'>tendere</span> <span class='ocrx_word' id='word_1_164' title='bbox 558 3044 707 3099; x_wconf 91' lang='lat' dir='ltr'>neruum,</span> <span class='ocrx_word' id='word_1_165' title='bbox 726 3025 782 3106; x_wconf 93' lang='lat' dir='ltr'>qui</span> <span class='ocrx_word' id='word_1_166' title='bbox 798 3025 996 3106; x_wconf 91' lang='lat' dir='ltr'>praecipites</span> 
     </span>
     <span class='ocr_line' id='line_1_27' title="bbox 404 3129 936 3209; baseline 0 -18"><span class='ocrx_word' id='word_1_167' title='bbox 404 3129 543 3191; x_wconf 92' lang='lat' dir='ltr'>uulnere</span> <span class='ocrx_word' id='word_1_168' title='bbox 560 3147 664 3209; x_wconf 87' lang='lat' dir='ltr'>paruo</span> <span class='ocrx_word' id='word_1_169' title='bbox 680 3129 797 3208; x_wconf 88' lang='lat' dir='ltr'>figeret</span> <span class='ocrx_word' id='word_1_170' title='bbox 813 3129 936 3205; x_wconf 88' lang='lat' dir='ltr'>hostes,</span> 
     </span>
     <span class='ocr_line' id='line_1_28' title="bbox 404 3230 936 3314; baseline 0.004 -20"><span class='ocrx_word' id='word_1_171' title='bbox 404 3232 560 3314; x_wconf 89' lang='lat' dir='ltr'>pictaque</span> <span class='ocrx_word' id='word_1_172' title='bbox 578 3230 671 3293; x_wconf 91' lang='lat' dir='ltr'>Medi</span> <span class='ocrx_word' id='word_1_173' title='bbox 686 3241 781 3312; x_wconf 88' lang='lat' dir='ltr'>terga</span> <span class='ocrx_word' id='word_1_174' title='bbox 796 3232 936 3313; x_wconf 86' lang='lat' dir='ltr'>fugacis.</span> 
     </span>
    </p>

    <p class='ocr_par' dir='ltr' id='par_1_8' title="bbox 405 3335 846 3399">
     <span class='ocr_line' id='line_1_29' title="bbox 405 3335 846 3399; baseline -0.005 0"><span class='ocrx_word' id='word_1_175' title='bbox 405 3335 459 3399; x_wconf 92' lang='lat' dir='ltr'>ille</span> <span class='ocrx_word' id='word_1_176' title='bbox 478 3335 656 3398; x_wconf 88' lang='lat' dir='ltr'>Britannos</span> <span class='ocrx_word' id='word_1_177' title='bbox 673 3335 760 3397; x_wconf 93' lang='lat' dir='ltr'>ultra</span> <span class='ocrx_word' id='word_1_178' title='bbox 775 3335 846 3398; x_wconf 92' lang='lat' dir='ltr'>noti</span> 
     </span>
    </p>

    <p class='ocr_par' dir='ltr' id='par_1_9' title="bbox 406 3439 613 3520">
     <span class='ocr_line' id='line_1_30' title="bbox 406 3439 613 3520; baseline -0.01 -17"><span class='ocrx_word' id='word_1_179' title='bbox 406 3439 502 3503; x_wconf 91' lang='lat' dir='ltr'>litora</span> <span class='ocrx_word' id='word_1_180' title='bbox 519 3440 613 3520; x_wconf 92' lang='lat' dir='ltr'>ponti</span> 
     </span>
    </p>

    <p class='ocr_par' dir='ltr' id='par_1_10' title="bbox 405 3543 927 3623">
     <span class='ocr_line' id='line_1_31' title="bbox 405 3543 927 3623; baseline 0.004 -17"><span class='ocrx_word' id='word_1_181' title='bbox 405 3553 440 3607; x_wconf 91' lang='lat' dir='ltr'>et</span> <span class='ocrx_word' id='word_1_182' title='bbox 455 3544 623 3606; x_wconf 89' lang='lat' dir='ltr'>caeruleos</span> <span class='ocrx_word' id='word_1_183' title='bbox 639 3552 734 3605; x_wconf 89' lang='lat' dir='ltr'>scuta</span> <span class='ocrx_word' id='word_1_184' title='bbox 751 3543 927 3623; x_wconf 87' lang='lat' dir='ltr'>Brigantas</span> 
     </span>
    </p>

    <p class='ocr_par' dir='ltr' id='par_1_11' title="bbox 407 3646 921 3711">
     <span class='ocr_line' id='line_1_32' title="bbox 407 3646 921 3711; baseline 0.004 -2"><span class='ocrx_word' id='word_1_185' title='bbox 407 3648 486 3710; x_wconf 90' lang='lat' dir='ltr'>dare</span> <span class='ocrx_word' id='word_1_186' title='bbox 505 3646 677 3710; x_wconf 91' lang='lat' dir='ltr'>Romuleis</span> <span class='ocrx_word' id='word_1_187' title='bbox 693 3647 778 3710; x_wconf 91' lang='lat' dir='ltr'>colla</span> <span class='ocrx_word' id='word_1_188' title='bbox 794 3647 921 3711; x_wconf 86' lang='lat' dir='ltr'>catenis</span> 
     </span>
    </p>
   </div>
   <div class='ocr_carea' id='block_1_4' title="bbox 0 0 1353 4094">
    <p class='ocr_par' dir='ltr' id='par_1_12' title="bbox 0 0 1353 4094">
     <span class='ocr_line' id='line_1_33' title="bbox 0 0 1353 4094; baseline 0 0"><span class='ocrx_word' id='word_1_189' title='bbox 0 0 1353 4094; x_wconf 95' lang='lat' dir='ltr'> </span> 
     </span>
    </p>
   </div>
  </div>
 </body>
</html>
