2684 4094
117 203 156 270 50
375 198 587 249 FRAGMENTS
610 200 655 249 OF
679 199 806 249 ROMAN
829 198 954 249 SATIRE

596 374 735 419 DEVICTI
758 371 761 375 ’

542 471 613 546 Περὶ
633 471 787 543 φιλονικῶς
837 527 839 531 ,

398 583 452 636 The
465 584 604 654 colloquial
616 592 673 636 tone
686 584 720 652 of
732 583 838 637 Varro's
849 583 936 636 satire.
958 639 960 642 Α

114 712 168 773 37.
245 695 325 759 libet
346 715 398 758 me
420 694 674 777 epigrammatia
697 696 817 771 facere,
838 703 879 771 et,
900 693 1056 778 quoniam
1080 695 1219 759 nomina

201 820 268 863 non
284 799 428 875 memini,
446 799 536 881 quod
552 799 585 860 in
602 799 707 861 solum
724 799 805 860 mihi
821 799 949 889 uenerit¹
964 818 1097 882 ponam.

1007 901 1081 957 Non·
1095 915 1159 970 499·
1175 915 1207 970 25

490 983 582 1052 Enjoy
594 983 633 1035 the
642 983 755 1053 fleetinq
767 984 840 1035 bour.

115 1099 168 1172 38.
622 1145 627 1157 .
654 1145 660 1157 .
687 1145 692 1156 .
719 1092 896 1176 properate

201 1198 322 1275 uiuere,
341 1200 472 1281 puerak‚
491 1219 573 1281 quas
590 1198 667 1261 sinit
684 1195 976 1284 a6tatula[h'1d0s]

201 1301 314 1367 lfidere
331 1313 364 1366 et
380 1301 514 1367 eanthre
531 1313 564 1366 et
579 1301 721 1366 Veneris
736 1313 851 1365 tenere
867 1301 971 1384 bigas.
1012 1359 1086 1410 Non.
1101 1356 1158 1426 136·
1175 1372 1216 1427 13·

523 1486 667 1555 Sympathy
679 1487 701 1539 is
713 1488 804 1555 cheap.

114 1618 168 1679 39.
245 1599 333 1662 dicat
345 1598 484 1681 pugilis:
503 1599 726 1680 ίερεςῖειῑοῐίε,
739 1599 795 1681 qui
807 1598 963 1661 miserum
977 1597 1101 1680 putatis
1114 1598 1215 1674 uinci,

201 1724 325 1786 quaero
350 1725 369 1764 a
392 1703 505 1767 uobis:
539 1703 566 1766 si
590 1703 801 1766 aduersarius
825 1702 1003 1783 supercssia
1025 1702 1070 1764 mi
1093 1703 1216 1766 caestis

201 1806 425 1889 discopinarit,
443 1807 599 1889 numquis
616 1817 764 1870 uestrum
780 1827 840 1869 sua
856 1805 937 1868 mihi
953 1815 1004 1869 est
1020 1806 1181 1868 daturus?

1023 1908 1098 1960 Non.
1112 1919 1175 1976 492.
1190 1907 1216 1959 8.

488 2080 622 2125 DOLIVM
645 2079 714 2124 AVT
738 2077 838 2124 SERIA

450 2182 503 2236 The
516 2192 643 2236 structure
656 2182 691 2252 of
699 2183 739 2235 the
752 2182 880 2235 universe.

113 2318 168 2377 40.
202 2296 346 2361 mundfis
363 2299 480 2361 domus
497 2309 547 2361 est
564 2297 706 2360 maxima
723 2297 860 2360 homulli

202 2424 301 2485 quam
319 2401 464 2485 quinque
481 2403 639 2465 altitonae
655 2400 880 2482 flssmmigerae

201 2508 303 2569 zonat}
320 2506 467 2588 cingunt,
487 2527 546 2588 per
562 2504 659 2588 quzim
677 2505 797 2568 limbus

201 2610 252 2673 bis
269 2612 325 2673 sex
342 2610 446 2691 signis
463 2607 759 2673 stellfimicantibus

153 2740 167 2792 5
202 2712 300 2795 aptt'xs
317 2714 349 2775 in
367 2714 500 2796 obliquo
516 2714 650 2776 aethere
667 2714 784 2776 Lunae

201 2816 296 2899 bigi'ls
313 2826 474 2899 acceptat,
499 2868 505 2880 ·
531 2866 537 2880 ·
564 2868 570 2880 ·
824 2813 904 2896 prob.
918 2841 946 2895 in
959 2843 1042 2914 Verg.
1056 2842 1118 2895 Ecl.
1131 2841 1155 2893 6.
1170 2857 1212 2910 31.

570 3047 760 3092 EKATOMBH

569 3148 640 3222 Περὶ
659 3146 759 3206 θυσιῶν

174 3263 242 3314 How
259 3263 371 3316 Croesus
385 3264 460 3316 made
474 3263 559 3315 bricIcs
572 3264 606 3330 of
616 3264 679 3330 qud
687 3263 760 3331 from
775 3264 814 3314 tlte
827 3263 908 3314 sands
920 3261 956 3331 os
966 3262 1006 3314 the
1018 3261 1152 3314 Pactolus.

114 3397 167 3455 41.
203 3376 322 3461 Lyd6n
339 3378 445 3441 fluens
463 3379 523 3440 sub
541 3376 700 3442 Sdrdibus
717 3378 840 3441 flumkn
856 3376 930 3440 tulit

200 3479 327 3556 aurtim,
345 3482 446 3544 latere
463 3483 551 3564 quod
568 3479 808 3564 ednquadrauit
824 3481 915 3562 rkgio

858 3585 1005 3649 Non.'131.
1024 3596 1071 3648 ¹03
1092 3596 1211 3650 520.14.
