2684 4094
153 256 211 334 138
412 262 623 312 sanciturus
646 262 691 311 or
714 262 839 312 nonan
863 262 989 310 sarnus

202 421 284 484 uidit
307 441 343 484 se
367 421 561 484 moriturum
586 439 669 494 esse,
688 420 789 482 horae
814 420 957 500 spatium
974 421 1068 501 petiit
1086 430 1119 483 et
1136 442 1261 485 cocum

202 525 333 607 rogauit
354 534 390 586 ut
412 533 649 586 testamentum
670 524 782 585 facere
804 533 926 604 posset.
976 524 1132 587 clamauit
1155 527 1199 588 ad
1223 547 1261 591 se

202 649 279 692 suos
304 637 469 710 parentes,
487 636 524 689 ut
547 627 588 689 de
612 626 743 690 cibariis
767 627 834 688 suis
860 627 983 708 aliquid
999 628 1180 692 dimitteret
1198 631 1258 694 eis.

170 729 176 740 '
202 733 258 814 qui
274 733 337 795 ait:

164 866 177 913 5
247 837 351 917 ‘patri
375 856 448 898 meo
464 834 606 899 Verrino
632 833 778 897 Lardino
800 833 842 896 do
859 836 934 915 lego
951 835 1022 897 dari
1039 837 1171 917 glandis
1189 859 1260 901 mo-

202 941 273 1003 dios
299 941 409 1015 XXX,
427 950 461 1003 et
488 940 584 1002 matri
611 959 705 1003 meae
733 939 916 1003 Veturinae
946 941 1084 1005 Scrofae
1112 942 1155 1004 do
1177 942 1259 1023 lego

202 1045 273 1107 dari
298 1044 484 1107 Laconicae
501 1043 639 1124 siliginis
656 1042 783 1106 modios
800 1044 875 1118 XL,
895 1053 928 1106 et
944 1045 1047 1108 sorori
1063 1065 1159 1107 meae
1176 1047 1259 1128 Qui·

203 1148 303 1222 rinae,
321 1149 355 1210 in
379 1148 472 1211 cuius
496 1157 610 1210 uotum
634 1147 796 1210 interesse
822 1168 888 1210 non
912 1149 1013 1229 potui,
1032 1149 1073 1212 do
1091 1148 1167 1230 lego
1183 1151 1260 1213 dari

203 1253 318 1316 hordei
334 1252 461 1315 modios
478 1253 588 1315 XXX.
628 1251 715 1314 etde
732 1251 814 1314 meis
828 1251 1009 1314 uisceribus
1022 1253 1107 1315 dabo
1121 1254 1259 1318 donabo

153 1388 179 1421 ιο
203 1356 368 1420 sutoribus
399 1366 519 1431 saetas,
551 1355 712 1418 rixoribus
740 1355 913 1436 capitinas
944 1357 1051 1418 surdis
1078 1357 1257 1433 auriculas,

203 1461 376 1524 causidicis
400 1470 433 1523 et
457 1459 605 1523 uerbosis
630 1459 787 1540 linguam,
810 1459 991 1522 bubulariis
1016 1460 1183 1536 intestina,
1206 1461 1259 1524 isi-

203 1565 311 1628 ciariis
345 1566 482 1640 femora,
515 1564 707 1627 mulieribus
742 1563 916 1638 lumbulos‚
951 1564 1060 1644 pueris
1095 1565 1256 1642 uesicam,

203 1669 321 1751 puellis
344 1669 495 1744 caudam,
513 1667 660 1731 cinaedis
683 1669 859 1741 musculos,
886 1667 1074 1731 cursoribus
1098 1677 1131 1730 et
1155 1689 1258 1732 uena-

204 1773 329 1836 toribus
359 1773 454 1848 talos,
478 1772 662 1835 latronibus
694 1772 846 1852 ungulas.
894 1781 927 1833 et
957 1792 1019 1834 nec
1050 1772 1258 1837 nominando

153 1897 283 1956 15,coco
307 1877 417 1957 legato
441 1876 569 1939 dimitto
593 1876 790 1958 popiamet
817 1874 985 1956 pistillum,
1009 1895 1096 1957 quae
1118 1896 1257 1940 mecum

204 1981 398 2042 attuleram:
423 1981 464 2043 de
488 1980 633 2043 Tebeste
657 2000 761 2062 usque
778 1979 820 2042 ad
836 1981 999 2060 Tergeste
1016 1979 1096 2060 liget
1112 1979 1176 2042 sibi
1192 1982 1258 2043 col-

204 2084 271 2146 lum
296 2084 337 2146 de
360 2094 456 2147 reste.
504 2093 537 2147 et
560 2084 636 2146 uolo
660 2083 741 2146 mihi
767 2083 838 2146 fieri
864 2093 1116 2145 monumentum
1143 2085 1257 2147 aureis

204 2188 320 2250 litteris
351 2188 529 2269 scriptum:
567 2194 584 2219 “
597 2190 643 2250 M.
678 2187 847 2251 Grunnius
880 2187 1057 2250 Corocotta
1089 2188 1257 2267 porcellus

204 2292 284 2353 uixit
300 2292 395 2354 annis
414 2292 564 2357 Dcccc
590 2322 596 2336 ·
623 2291 716 2356 XC·
740 2291 849 2354 VIIII
877 2323 884 2336 ·
911 2291 935 2354 S
961 2321 968 2335 ·
994 2290 1082 2372 quod
1099 2290 1126 2352 si
1143 2292 1257 2355 semis-

152 2427 180 2458 ω
204 2416 273 2458 sem
298 2395 441 2470 uixisset,
459 2395 547 2458 mille
571 2415 677 2458 annos
701 2394 903 2476 implesset.”
951 2394 1067 2476 optimi
1087 2404 1267 2485 amatores·

204 2500 269 2561 mei
292 2500 345 2561 uel
369 2500 522 2562 consules
546 2498 644 2575 uitae,
668 2518 750 2580 rogo
775 2519 834 2561 uos
860 2507 896 2560 ut
919 2518 994 2560 cum
1018 2518 1157 2579 corpore
1179 2521 1257 2564 meo

203 2602 288 2665 bene
301 2602 441 2677 faciatis,
454 2602 539 2665 bene
552 2602 715 2666 condiatis
731 2602 773 2665 de
789 2601 885 2664 bonis
898 2601 1117 2664 condimentis
1133 2605 1255 2681 nuclei,

204 2706 327 2788 piperis
344 2716 377 2768 et
400 2706 514 2781 mellis,
529 2716 565 2769 ut
581 2726 702 2769 nornen
718 2726 829 2768 meum
845 2706 879 2767 in
897 2704 1135 2786 sempiternum
1152 2708 1257 2770 nomi·

204 2820 308 2872 netur.
356 2810 421 2872 mei
447 2809 572 2872 domini
599 2811 651 2873 uel
679 2809 867 2872 consobrini
894 2809 968 2885 mei,
994 2809 1050 2890 qui
1079 2809 1112 2871 in
1144 2811 1257 2874 medio

151 2946 178 2991 25
203 2923 404 2976 testamento
420 2913 626 2988 interfuistis,
645 2913 755 2976 iubete
772 2911 917 2994 signari'

249 3017 370 3080 Lardio
394 3017 547 3098 signauit.
578 3004 758 3082 *Ofellieus
775 3016 928 3098 signauit.
978 3014 1173 3101 Cymina‘tus
1191 3017 1257 3100 sig-

203 3121 303 3183 nauit.
350 3121 537 3184 Lucanicus
568 3120 721 3201 signauit.
762 3120 928 3201 Tergillus
955 3119 1109 3202 signauit.
1153 3121 1257 3186 Celsi-

203 3246 265 3286 nus
282 3225 434 3305 signauit.
484 3225 692 3306 Nuptialicus
710 3224 862 3305 signauit.
931 3214 934 3220 ’
1215 3241 1218 3245 ’

246 3329 379 3409 explicit
401 3338 639 3391 testamentum
663 3328 799 3410 porcelli
819 3328 880 3390 sub
897 3327 949 3391 die
965 3329 1050 3392 XVI
1068 3327 1132 3391 kal.
1151 3328 1256 3392 lucer-

150 3463 179 3509 30
203 3431 299 3494 ninas
317 3431 492 3495 Clibanato
509 3442 542 3495 et
559 3433 713 3514 Piperato
731 3432 922 3494 consulibus
938 3431 1087 3496 feliciter.
