2684 4094
139 259 198 340 178
398 266 609 317 annonariis
632 266 678 317 or
702 267 828 318 nonan
852 269 978 318 snmus

188 427 277 510 quod
293 425 447 490 manibus
463 426 545 489 meis
562 426 751 489 alumnatus
764 425 826 489 sim
839 426 991 508 profecto
1004 426 1098 492 scit1s
1107 448 1248 506 omnes3

187 532 281 595 cuius
298 531 425 613 primae
440 529 624 593 iuuentutis
640 530 804 594 caloratos
819 530 965 612 impetus
981 531 1080 594 freno
1098 533 1247 615 quodam

187 634 413 699 cohercendos
430 632 627 697 existimaui.
674 642 727 696 sat
745 642 799 697 est
819 633 994 697 cotidianis
1018 655 1095 698 eum
1121 637 1248 700 fabulis

187 739 228 801 ob
241 736 404 801 adulteria
414 747 618 819 cunctasque
631 738 837 820 corruptelas
850 737 1059 801 infamatum.
1095 741 1249 804 tollenda

148 872 162 919 5
187 853 237 905 est
253 842 360 905 omnis
379 841 510 904 occasio
526 850 560 904 et
575 841 704 904 luxuria
726 841 863 924 puerilis
887 842 1093 925 nuptialibus
1117 846 1247 926 pedicis

187 945 362 1026 alliganda.
403 945 549 1027 puellam
561 945 671 1026 elegit,
685 954 719 1007 et
731 945 922 1026 uirginitate
936 947 1100 1028 priuauit:
1119 957 1245 1025 teneat,

187 1050 364 1132 possideat,
382 1050 554 1132 amplexus
574 1050 727 1134 Psychen
745 1069 878 1131 semper
893 1050 962 1114 suis
979 1051 1151 1115 amoribus
1174 1074 1247 1134 per-

186 1152 335 1216 fruatur)
383 1163 416 1217 et
435 1153 478 1215 ad
494 1154 662 1217 Venerem
681 1154 814 1217 conlata
834 1154 931 1231 facie,
949 1159 1031 1218 ‘nec
1049 1154 1106 1232 tu,’
1126 1156 1244 1238 inquit,

188 1257 277 1334 ‘filia,
292 1258 469 1340 quicquam
481 1257 685 1333 contristere,
697 1277 759 1321 nec
774 1258 949 1341 prosapiae
962 1268 1075 1323 tantae
1088 1269 1169 1323 tuae
1182 1271 1248 1324 sta-

135 1392 164 1425 10
186 1361 300 1443 tuique
316 1361 357 1424 de
374 1360 583 1424 matrimonio
599 1362 731 1424 mortali
747 1372 884 1426 metuas.
930 1363 996 1426 iam
1012 1363 1090 1427 faxo
1106 1365 1246 1446 nuptias

187 1486 254 1528 non
276 1465 423 1546 impares
447 1465 506 1528 sed
529 1464 695 1546 legitimas
718 1475 754 1530 et
775 1466 839 1529 iuri
861 1466 949 1530 civili
975 1466 1162 1548 congruas?
1213 1478 1246 1531 et

187 1569 261 1632 ilico
277 1589 337 1651 per
352 1569 554 1632 Mercurium
570 1569 671 1650 arripi
689 1571 842 1654 Psychen
858 1579 892 1633 et
907 1570 941 1632 in
957 1571 1087 1634 caelum
1104 1572 1247 1652 perduci

186 1673 285 1736 iubet.
333 1682 485 1755 porrecto
505 1673 691 1736 ambrosiae
710 1675 839 1755 poculo,
859 1672 991 1751 ‘sume,’
1009 1674 1126 1757 inquit,
1147 1677 1247 1761 ‘Psy-

187 1777 258 1852 che,
283 1787 316 1840 et
339 1777 533 1840 immortalis
551 1787 642 1840 esto:
666 1798 728 1841 nec
745 1798 903 1860 umquam
927 1777 1134 1859 digredietur
1151 1799 1171 1841 a
1186 1789 1246 1844 tuo

136 1908 162 1954 15
186 1901 274 1943 nexu
291 1881 430 1962 Cupido,
448 1881 507 1944 sed
524 1881 607 1944 istae
623 1881 719 1944 uobis
736 1890 833 1944 erunt
849 1892 1032 1963 perpetuae
1049 1882 1210 1963 nuptiae.'

231 2002 284 2062 ²4·
310 2005 373 2048 nec
391 2006 493 2060 mora,
513 2005 589 2048 cum
610 2005 694 2048 cena
715 1984 873 2067 nuptialis
895 1986 1035 2048 affluens
1056 1986 1244 2051 exhibetur.

187 2089 404 2152 accumbebat
431 2109 597 2151 summum
624 2099 733 2151 torum
761 2089 900 2151 maritus
929 2090 1082 2174 Psychen
1112 2092 1246 2171 gremio

187 2214 247 2255 suo
278 2192 479 2274 complexus.
527 2193 573 2256 sic
600 2202 634 2255 et
664 2213 740 2256 cum
767 2213 828 2255 sua
856 2194 985 2256 Iunone
1015 2193 1179 2276 Iuppiter,
1206 2216 1246 2259 ac

187 2296 307 2360 deinde
334 2317 394 2378 per
417 2296 566 2359 ordinem
594 2296 655 2359 toti
682 2296 744 2358 dei.
796 2306 877 2359 tunc
905 2296 1062 2378 poculum
1086 2298 1245 2375 nectaria,

134 2431 163 2462 20
187 2401 275 2483 quod
291 2400 405 2462 uinum
422 2401 558 2462 deorum
575 2409 636 2476 est,
655 2400 729 2463 Ioui
745 2400 879 2481 quidem
896 2420 976 2463 suus
992 2400 1168 2481 pocillator
1189 2402 1246 2467 ille

186 2504 328 2566 rusticus
345 2524 436 2585 puer,
450 2504 569 2566 ceteris
587 2524 666 2568 uero
685 2504 786 2567 Liber
802 2503 1019 2567 ministrabat.
1059 2505 1246 2570 ·Vulcanus

186 2628 303 2671 cenam
327 2607 508 2688 coquebat;
535 2609 649 2671 Horae
666 2608 749 2671 rosis
766 2618 799 2670 et
815 2608 935 2671 ceteris
958 2609 1094 2672 floribus
1119 2629 1246 2692 purpu-

186 2712 305 2774 rabant
335 2711 464 2787 omnia;
504 2712 638 2776 Gratiae
673 2712 878 2794 spargebant
911 2712 1079 2788 balsama;
1120 2714 1245 2778 Musae

186 2835 268 2878 uoce
284 2835 406 2877 canora
422 2816 656 2896 personabant,
675 2816 799 2896 Apollo
822 2815 970 2878 cantauit
993 2815 1035 2878 ad
1058 2815 1244 2896 citharam;

133 2947 161 2994 25
186 2920 302 2983 Venus
319 2918 414 2981 suani
430 2918 579 2982 Musicae
601 2919 738 3001 suppari
762 2939 881 3000 gressu
904 2920 1076 2982 formonsa
1096 2921 1243 2986 saltauit.

187 3044 308 3086 scaena
324 3022 386 3085 sibi
401 3022 448 3086 sic
464 3023 663 3086 concinnata
680 3033 716 3085 ut
735 3025 854 3086 Musae
870 3023 1005 3106 quidem
1029 3023 1169 3086 chorum
1191 3045 1246 3089 ca-

186 3138 312 3202 nerent,
337 3126 434 3189 tibias
458 3125 588 3188 inflaret
612 3126 761 3211 Satyrus,
787 3137 820 3189 et
845 3126 1004 3190 Paniscus
1027 3126 1071 3189 ad
1093 3127 1244 3192 fistulam

186 3231 317 3295 diceret.
365 3229 411 3292 sic
431 3229 491 3291 rite
512 3230 641 3314 Psyche
661 3229 819 3292 conuenit
840 3229 874 3292 in
895 3250 1032 3293 manum
1052 3230 1242 3314 Cupidinis

185 3346 219 3399 et
242 3333 388 3397 nascitur
411 3333 474 3395 illis
501 3343 631 3395 maturo
662 3342 759 3414 partu
791 3333 858 3396 filia
888 3355 989 3417 quam
1019 3334 1243 3418 Voluptatem

132 3469 162 3515 30
185 3437 403 3503 nominamus.

363 3667 509 3721 Typography
517 3667 547 3720 by
555 3667 575 3719 J.
587 3666 608 3708 S.
619 3666 716 3718 Cushing
725 3667 745 3708 dr
754 3666 802 3716 C0.,
812 3667 927 3719 Norwood,
937 3668 1006 3711 Mass.
