2684 4094
140 237 201 316 136
399 246 611 295 annonams
633 246 679 295 or
701 246 827 295 nonin
852 246 977 295 sarran

189 403 355 467 silentium
391 403 518 465 factum
549 411 609 466 est.
656 402 837 484 stupebant
867 422 983 466 omnes
1014 402 1166 466 nouitate
1199 404 1248 467 rei

189 507 329 582 attoniti,
347 506 516 586 negabant
540 507 602 569 hoc
626 527 774 588 unquam
793 507 929 569 factum.
977 506 1118 571 Claudio
1135 509 1248 589 magis

189 611 338 693 iniquum
367 610 541 673 uidebatur
572 630 671 692 quam
702 630 837 673 nouum.
884 610 925 672 de
956 630 1079 692 genere
1111 632 1247 692 poenae

189 714 245 777 diu
277 714 481 795 disputatum
508 723 569 789 est,
597 713 677 795 quid
704 714 796 775 illum
824 713 894 794 pati
921 724 1097 795 oporteret.
1147 726 1247 779 erant

152 850 165 896 5
189 818 246 900 qui
270 818 426 894 dicerent,
445 817 627 901 Sisyphum
644 815 725 878 satis
742 817 797 879 diu
814 817 954 880 laturam
972 818 1101 894 fecisse,
1120 820 1247 883 Tanta·

190 922 258 983 lum
276 921 330 984 siti
346 921 528 1002 periturum
545 920 608 983 nisi
624 921 670 983 illi
687 931 941 997 succurreretur,
960 921 1139 1003 aliquando
1160 923 1248 986 Ixio-

191 1024 242 1087 nis
266 1025 378 1088 miseri
400 1034 506 1088 rotam
531 1024 829 1087 sufflaminandam.
877 1045 944 1087 non
969 1025 1093 1107 placuit
1117 1026 1179 1088 ulli
1206 1047 1248 1089 ex
1333 1058 1335 1061 ·

191 1113 358 1192 ueteranis
397 1128 588 1192 missionem
627 1128 707 1204 dari,
739 1148 781 1191 ne
815 1129 869 1190 uel
905 1129 1062 1193 Claudius
1091 1150 1246 1212 unquam

191 1233 296 1295 simile
328 1242 485 1315 speraret.
533 1232 659 1314 placuit
684 1252 806 1295 nouam
834 1252 977 1314 poenam
1004 1233 1163 1296 constitui
1192 1235 1248 1298 de-

140 1370 168 1402 10
190 1336 279 1411 bere,
296 1337 552 1418 excogitandum
576 1336 622 1398 illi
644 1335 791 1398 laborem
807 1335 935 1398 irritum
951 1346 984 1399 et
1000 1336 1137 1399 alicuius
1155 1339 1248 1420 cupi-

191 1439 303 1503 ditatis
330 1440 476 1522 speciem
501 1440 572 1503 sine
597 1440 730 1504 effectu.
778 1450 848 1502 tum
874 1439 1009 1502 Aeacus
1033 1439 1124 1503 iubet
1151 1441 1247 1507 illum

191 1545 264 1606 alea
287 1545 400 1608 ludere
424 1554 560 1627 pertuso
583 1543 706 1606 fritillo.
754 1553 787 1607 et
809 1543 875 1605 iam
897 1552 1053 1624 coeperat
1071 1544 1249 1625 fugientes

192 1651 325 1731 semper
340 1658 484 1711 tesseras
501 1667 659 1730 quaerere
675 1656 709 1710 et
725 1647 806 1709 nihil
823 1647 1001 1728 proficere:

245 1821 296 1883 15.
323 1823 400 1865 nam
417 1802 570 1886 quotiens
587 1801 747 1864 missurus
763 1811 834 1864 erat
849 1811 1026 1864 resonante
1042 1800 1168 1878 fritillo,

141 1938 167 1985 15
322 1917 462 1989 utraque
479 1907 642 1970 subducto
658 1906 812 1986 fugiebat
827 1915 953 1968 tessera
969 1905 1082 1968 fundo.

322 2031 464 2093 cumque
480 2011 673 2073 recollectos
689 2011 827 2073 auderet
843 2009 973 2072 mittere
989 2010 1083 2084 talos,

322 2116 438 2178 fusuro
455 2114 570 2177 similis
586 2133 719 2195 semper
735 2132 931 2194 semperque
948 2112 1083 2194 petenti,

321 2219 485 2300 decepere
501 2218 617 2280 fidem:
641 2217 766 2298 refugit
782 2217 969 2299 digitosque
986 2236 1047 2298 per
1062 2216 1155 2298 ipsos

321 2322 424 2385 fallax
440 2321 578 2384 adsiduo
595 2321 750 2384 dilabitur
766 2321 839 2382 alea
854 2321 953 2383 furto.

321 2426 368 2490 sic
384 2447 460 2490 cum
476 2425 541 2487 iam
558 2425 678 2488 summi
694 2433 877 2505 tanguntur
893 2424 1037 2487 culmina
1052 2424 1185 2505 montis,

320 2530 411 2594 irrita
428 2529 585 2614 Sisyphio
602 2530 782 2592 uoluuntur
798 2529 945 2610 pondera
963 2529 1055 2591 collo.

190 2690 345 2773 apparuit
368 2690 477 2753 subito
501 2690 536 2753 C.
556 2690 680 2752 Caesar
699 2698 732 2751 et
756 2698 868 2768 petere
886 2687 977 2750 illum
993 2687 1027 2750 in
1044 2687 1243 2754 seruitutem

189 2795 313 2876 coepit;
347 2793 500 2875 producit
530 2803 642 2868 testes,
671 2793 727 2874 qui
763 2788 889 2876 [illum]
926 2792 1079 2854 uiderant
1111 2792 1153 2854 ab
1184 2792 1243 2858 illo

189 2898 311 2979 flagris,
343 2898 467 2973 ferulis,
499 2896 648 2978 colaphis
687 2897 910 2977 uapulantem.
959 2895 1166 2958 adiudicatur
1202 2898 1239 2962 C.

137 3031 164 3076 25
190 3002 325 3066 Caesari
335 3023 343 3078 ;
383 3002 507 3065 Caesar
537 3001 628 3062 illum
661 3001 776 3062 Aeaco
811 2999 922 3061 donat.
984 2999 1011 3061 is
1051 2999 1242 3064 Menandro

189 3106 306 3169 liberto
323 3127 382 3168 suo
398 3105 542 3180 tradidit,
560 3113 597 3166 ut
612 3125 632 3165 a
648 3102 893 3184 cognitionibus
909 3111 1006 3164 esset.
