2684 4094
457 267 649 316 purnourvs
672 263 828 314 ananan
1153 269 1196 336 79

143 427 255 490 scens'
285 425 391 508 inquit
419 424 590 507 ‘quoniam
623 443 810 486 sermonem
842 424 946 493 habes
973 445 1040 487 non
1070 424 1195 506 publici

37 580 40 586 .
143 530 271 612 saporis
292 540 334 603 et,
355 530 443 611 quod
467 528 672 590 rarissimum
694 537 754 602 est,
775 548 868 589 amas
892 529 1013 590 bonam
1038 538 1193 604 mentem,

143 655 208 697 non
241 632 403 695 fraudabo
434 642 467 695 te
494 641 564 694 arte
592 641 729 694 secreta.
776 628 861 691 nillil
892 631 1047 695 nimirum
1078 634 1111 695 in
1145 635 1194 697 his

143 737 432 801 exercitationibus
459 737 612 799 doctores
640 745 790 815 peccant,
817 735 873 816 qui
900 756 1038 800 necesse
1070 738 1195 800 habent

105 873 118 919 5
143 862 218 904 cum
238 841 481 903 insanientibus
501 840 620 900 furere.
668 859 745 899 nam
766 837 830 900 nisi
853 838 994 902 dixerint
1013 861 1098 923 quae
1119 843 1195 903 adu-

143 944 316 1009 lescentuli
339 944 490 1024 probent,
512 952 547 1004 ut
571 942 616 1004 ait
640 941 767 1016 Cicem,
791 942 880 1005 “soli
902 943 936 1004 in
957 945 1078 1007 scholis
1102 946 1196 1007 relin-

143 1049 317 1131 quentur.”
365 1047 449 1110 sicut
477 1044 579 1131 [ficti]
607 1046 796 1110 adulatores
824 1067 900 1109 cum
928 1068 1029 1111 cenas
1054 1049 1193 1111 diuitum

143 1162 289 1234 captant,
316 1151 396 1213 nihil
424 1151 515 1232 prius
542 1150 745 1213 meditantur
772 1171 872 1232 quarn
900 1150 933 1214 id
960 1152 1049 1234 quod
1077 1163 1196 1234 putant

144 1256 368 1338 gratissimum
393 1254 598 1317 auditoribus
622 1255 711 1318 iore:
736 1274 798 1318 nec
820 1255 908 1316 enim
927 1255 1022 1318 aliter
1045 1256 1196 1338 impetra-

93 1391 120 1424 10
144 1361 227 1422 bunt
250 1359 340 1442 quod
363 1368 491 1440 petunt,
516 1358 580 1421 nisi
603 1358 764 1441 quasdam
793 1358 929 1421 insidias
952 1359 1086 1422 auribus
1111 1361 1197 1423 iece-

144 1464 225 1526 rint:
261 1463 307 1526 sic
334 1462 543 1545 eloquentiae
570 1462 738 1544 magister,
767 1462 831 1525 nisi
861 1472 1020 1544 tanquam
1052 1464 1197 1545 piscator

144 1588 218 1630 eam
242 1566 436 1648 imposuerit
460 1565 567 1629 hamis
590 1587 711 1642 escam,
731 1587 831 1648 quam
856 1567 966 1630 scierit
989 1569 1197 1650 appetituros

145 1691 218 1734 esse
243 1670 427 1752 pisciculos
447 1670 517 1733 sine
541 1690 601 1752 spe
625 1668 770 1752 praedae
794 1670 976 1734 morabitur
995 1671 1028 1734 in
1049 1675 1194 1753 scopulo.

145 1795 177 1853 4.
203 1775 283 1857 quid
299 1794 379 1855 ergo
396 1775 469 1838 est?
510 1784 666 1856 parentes
683 1773 911 1855 obiurgatione
928 1775 1021 1856 digni
1037 1786 1122 1851 sunt,
1141 1777 1197 1858 qui
1237 1837 1240 1842 .

95 1909 121 1955 15
145 1881 262 1943 nolunt
279 1879 400 1942 liberos
416 1899 494 1942 suos
511 1899 629 1941 seuera
644 1879 718 1960 lege
735 1879 904 1960 proficere.
947 1879 1091 1960 primum
1108 1881 1195 1942 enim

145 1985 191 2048 sic
215 1994 251 2047 ut
272 1983 392 2058 omnia,
411 2003 489 2063 spes
510 2002 642 2065 quoque
666 2002 744 2044 suas
767 1982 939 2045 ambitioni
962 1982 1097 2046 donant.
1145 1985 1198 2046 de-

145 2088 222 2150 inde
239 2108 313 2151 cum
331 2087 373 2149 ad
387 2097 466 2150 uota
479 2095 668 2168 properant,
682 2087 785 2151 cruda
796 2085 906 2148 adhuc
920 2087 1029 2148 studia
1041 2087 1074 2148 in
1087 2088 1195 2150 iorum

146 2192 274 2272 pellunt
293 2201 327 2253 et
343 2190 576 2272 eloquentiam,
595 2210 660 2271 qua
676 2189 757 2251 nihil
775 2209 849 2253 esse
866 2189 971 2252 maius
988 2191 1195 2266 confitentur,

147 2296 257 2377 pueris
282 2295 423 2358 induunt
445 2295 554 2358 adhuc
576 2293 799 2357 nascentibus.
846 2295 935 2376 quod
957 2295 984 2356 si
1005 2304 1198 2377 paterentur

94 2431 123 2461 20
146 2399 295 2461 laborum
315 2399 439 2480 gradus
458 2398 537 2473 fieri,
555 2407 592 2461 ut
608 2397 747 2461 studiosi
765 2397 902 2460 iuuenes
922 2396 1064 2461 lectione
1080 2419 1198 2461 seuera

146 2503 370 2584 irrigarentur,
391 2512 427 2565 ut
451 2501 635 2584 sapientiae
659 2501 848 2582 praeceptis
871 2501 999 2565 animos
1022 2523 1198 2584 compone-

147 2617 229 2681 rent,
254 2617 290 2669 ut
317 2605 421 2668 uerba
448 2605 552 2668 atroci
579 2605 654 2668 stilo
677 2605 873 2680 effoderent,
898 2615 934 2668 ut
958 2606 1046 2687 quod
1073 2607 1198 2669 uellent

147 2709 267 2772 imitari
283 2709 338 2772 diu
354 2709 516 2784 audirent,
533 2716 570 2770 ut
585 2708 824 2792 persuaderent
839 2709 901 2771 sibi
916 2709 998 2771 nihil
1020 2730 1093 2772 esse
1110 2731 1199 2791 mag-

147 2813 291 2889 nificum,
315 2813 403 2895 quod
427 2813 539 2894 pueris
562 2814 726 2895 placeret:
754 2813 819 2875 iam
847 2813 902 2875 illa
929 2813 1065 2894 grandis
1093 2815 1197 2876 oratio

95 2948 121 2994 ις
148 2917 285 2980 haberet
304 2917 485 2980 maiestatis
502 2905 582 2979 suae
602 2916 742 2998 pondus
790 2937 880 2979 nunc
904 2917 998 2997 pueri
1021 2917 1054 2979 in
1077 2919 1197 2980 scholis

146 3022 274 3096 ludunt,
291 3021 430 3084 iuuenes
446 3020 596 3083 ridentur
611 3021 645 3082 in
662 3021 744 3095 foro,
756 3029 790 3083 et
806 3020 895 3102 quod
911 3030 1052 3102 utroque
1067 3023 1197 3102 turpius

147 3136 207 3200 est,
222 3125 310 3208 quod
327 3125 467 3207 quisque
483 3144 658 3205 perperam
676 3123 798 3198 didicit,
812 3124 845 3186 in
862 3134 1034 3187 senectute
1050 3127 1198 3188 confiteri

147 3249 215 3292 non
231 3230 310 3292 uult.
351 3229 410 3292 sed
426 3248 468 3291 ne
485 3248 538 3290 me
555 3237 653 3308 putes
669 3226 874 3308 improbasse
892 3228 1063 3292 schedium
1082 3229 1199 3291 Lucili-

149 3353 231 3396 anae
253 3332 457 3408 humilitatiS,
475 3332 564 3414 quod
586 3331 703 3406 senti0,
721 3341 755 3393 et
773 3331 844 3413 ipse
861 3332 1006 3394 carmine
1023 3331 1198 3413 effingam:

95 3573 125 3618 30
192 3557 223 3620 5.
301 3541 381 3604 artis
398 3559 534 3602 seuerae
551 3539 579 3601 si
595 3538 669 3620 quis
685 3537 788 3602 ambit
804 3539 947 3602 effectus

302 3654 515 3726 mentemque
532 3642 662 3723 magnis
679 3641 833 3724 applicat,
850 3642 943 3724 prius
959 3663 1067 3707 mores
