2684 4094
566 280 725 330 LVCILIVS

350 433 422 506 Now
434 435 474 487 tlte
487 452 547 486 mon
560 435 583 486 is
596 437 732 487 measurerl
744 435 776 502 oy
787 435 827 485 ln's
841 435 938 487 weoltl.

96 559 169 637 198.
202 578 319 620 aurum
336 559 445 640 adque
461 558 597 621 ambitio
614 557 783 639 specimen
800 558 931 620 uirtutis
948 558 1115 640 uiriquest.

202 671 364 744 quantum
381 660 515 738 habeas,
532 671 662 724 tantum
680 661 751 742 ipse
768 661 833 723 sies
849 661 998 743 tantique
1015 663 1176 725 habearis.

707 767 798 821 Schol.
813 767 841 820 in
855 767 951 820 quen.
966 784 992 837 3.
1011 783 1074 834 ¹423
1098 769 1195 821 1.106.

95 936 126 996 Q.
152 936 264 988 Mucius
290 936 425 1000 Scaevola,
447 946 605 1004 propraetor
630 937 665 1005 of
683 937 752 988 Asia
777 937 805 987 in
831 940 881 985 121
907 945 969 999 lac,
994 938 1049 989 tells
1073 938 1137 998 low,
1163 957 1194 989 on

201 1025 240 1075 tle
260 1042 317 1091 way
336 1034 360 1075 lo
379 1025 419 1076 leis
437 1025 571 1092 province,
590 1025 621 1075 le
642 1025 738 1075 turned
759 1024 798 1075 tlte
819 1024 900 1090 lnopli
924 1042 992 1091 upon
1016 1025 1045 1074 Τ.
1066 1025 1196 1075 Albucius

173 1126 176 1131 ⁴
198 1111 249 1180 sor
269 1112 309 1163 lu's
331 1111 418 1163 Greek
439 1111 604 1179 affectatione
625 1111 656 1178 by
674 1111 791 1179 solotinp
808 1110 861 1161 liro
884 1111 911 1160 in
933 1111 1035 1162 Athens
1056 1111 1084 1161 in
1110 1113 1197 1163 (irael

201 1199 304 1250 instead
319 1199 354 1266 of
366 1198 454 1250 Latin.

56 1292 82 1349 J

95 1339 168 1399 199.
202 1322 366 1384 Graecum
382 1331 424 1398 te,
439 1322 571 1397 Albuci,
585 1343 685 1404 quam
704 1323 893 1384 Romanum
910 1332 1010 1404 atque
1024 1322 1193 1397 Sabinum,

201 1425 403 1505 municipem
421 1425 526 1502 Ponti,
544 1426 681 1500 Tritani,
699 1426 939 1501 centurionum,

201 1529 445 1611 praeclarorum
464 1530 634 1592 hominum
651 1551 689 1594 ac
707 1532 888 1612 primorum
906 1515 1170 1613 signiferumque

201 1633 345 1695 maluisti
360 1633 433 1696 dici.
482 1635 608 1697 Graece
624 1655 705 1715 ergo
722 1645 855 1716 praetor
871 1635 1025 1710 Athenis,

151 1761 165 1814 5
200 1735 233 1798 id
249 1737 338 1818 quod
354 1737 507 1812 maluisti,
525 1747 568 1812 te,
586 1759 661 1800 cum
679 1738 721 1800 ad
739 1759 792 1801 me
808 1739 947 1814 accedis
966 1740 1092 1801 saluto:

203 1840 334 1922 ‘palpa'
355 1841 500 1921 inquam,
521 1841 615 1904 ‘Tite
627 1842 855 1918 !'-lictoreS,
875 1853 985 1905 turma
1006 1844 1123 1918 omnis
1144 1865 1195 1907 co-

287 1945 441 2027 horsque,

202 2045 365 2130 ‘palpo-re!
378 2049 474 2111 '—et
487 2049 563 2112 hinc
577 2049 681 2112 hostis
695 2049 739 2111 mi
749 2050 922 2124 Albucius,
935 2051 1011 2113 hinc
1024 2051 1193 2114 inimicus!

937 2157 995 2210 Cic.
1011 2158 1075 2208 Fin.
1091 2159 1113 2210 Ι.
1129 2174 1155 2225 3.
1170 2159 1194 2210 8.

121 2387 124 2392 Ι
233 2313 362 2367 Scaevola
371 2315 483 2384 surller
493 2316 610 2368 sotirizes
624 2317 763 2369 Albucius’
776 2317 881 2370 niceties
894 2318 1054 2387 osrlretoric.

93 2454 168 2501 200.
200 2457 300 2519 quam
317 2438 427 2518 lepide
443 2434 545 2516 λέξεις
560 2450 751 2520 conpostae,
770 2450 806 2503 ut
821 2441 1013 2516 tesserulae,
1031 2462 1147 2504 omnes

199 2551 271 2604 arte
287 2542 472 2622 pauimenti
488 2553 588 2625 atque
604 2544 812 2606 emblematis
830 2544 1054 2608 uermiculati!

360 2650 419 2704 Cic.
435 2651 476 2703 De
492 2651 538 2703 Or.
554 2653 606 2704 Ill.
624 2666 688 2719 17¹3
711 2653 757 2704 Or.
775 2668 839 2722 1493
860 2654 937 2705 Brut.
953 2669 1020 2720 2743

361 2740 435 2791 Non.
448 2738 504 2790 188.
515 2753 565 2804 243
584 2740 677 2808 Quint.
689 2742 737 2792 IX.
750 2755 812 2807 1133
832 2741 901 2793 Plin.
913 2742 949 2793 Ν.
962 2742 998 2792 H.
1009 2743 1141 2794 XXXVI.
1152 2757 1193 2811 25.

431 2971 551 3026 Atleism
563 2975 637 3026 leods
650 2983 674 3026 to
687 2975 853 3044 immorolzly.

91 3113 166 3160 201.
248 3091 408 3178 [quidde
430 3097 609 3178 sacrilegis
631 3099 709 3180 quid
732 3100 774 3161 de
795 3098 894 3180 inpiis
919 3099 1126 3180 periurisque
1150 3100 1194 3160 cli-

200 3200 337 3262 cemus?
806 3254 813 3267 .
904 3255 910 3267 .

622 3253 774 3316 Tubulus
787 3275 814 3316 si
829 3255 953 3317 Lucius
965 3276 1132 3336 umquam,

251 3355 280 3418 si
292 3356 411 3438 Lupus
422 3367 480 3420 aut
494 3357 611 3432 Carbo,
628 3357 780 3439 Neptuni
792 3359 878 3420 filius

200 3523 237 3577 ut
256 3514 302 3577 ait
322 3515 480 3593 Lucilius,
497 3525 649 3595 putasset
668 3536 741 3579 esse
763 3516 852 3591 deos
870 3526 939 3578 tam
961 3517 1114 3597 periurus
1137 3526 1194 3578 aut

164 3655 168 3660 ·
200 3627 269 3681 tam
281 3618 421 3699 inpurus
433 3619 575 3682 fuisset?
910 3661 970 3714 Cic·
988 3661 1027 3712 N⁸
1044 3659 1200 3721 0¹1⁴&
