2684 4094
589 279 760 330 Arvcnrvs
1170 284 1229 351 157

119 470 124 478 -
218 444 252 498 at
269 436 399 519 Psyche
415 435 529 499 relicta
548 437 626 510 sola,
645 436 709 498 nisi
729 438 817 518 quod
837 433 968 499 infestis
988 437 1083 499 furiis
1102 437 1228 518 agitata

174 539 245 602 sola
267 560 334 601 non
358 549 418 615 est,
437 550 530 602 aestu
555 540 665 620 pelagi
689 541 794 602 simile
818 541 999 603 maerendo
1019 541 1165 617 fluctuat,
1183 552 1224 618 et,

173 643 326 725 quamuis
348 653 471 706 statuto
492 643 630 706 consilio
649 654 682 706 et
701 644 867 706 obstinato
888 644 1008 721 animo,
1026 644 1092 707 iam
1113 656 1225 709 tamen

173 747 314 809 facinori
340 768 418 810 suas
446 768 564 810 manus
591 748 784 823 admouens,
809 748 918 810 adhuc
945 749 1071 811 incerta
1098 728 1229 812 consilii

136 879 149 926 5
173 850 302 926 titubat,
320 851 499 934 multisque
516 851 714 915 calamitatis
731 872 811 915 suae
828 852 1022 914 distrahitur
1038 853 1223 916 affectibus.

173 955 320 1030 festinat,
349 955 471 1031 differt,
503 956 612 1032 audet,
644 956 798 1036 trepidat,
831 956 958 1031 diffidit,
991 956 1150 1032 irascitur,
1183 969 1224 1034 et,

173 1059 263 1140 quod
279 1070 330 1121 est
346 1058 507 1136 utimum,
524 1059 558 1121 in
575 1060 693 1122 eodem
709 1043 849 1142 corpore
865 1061 934 1123 odit
950 1061 1100 1136 bestiam,
1118 1062 1226 1141 diligit

173 1163 335 1225 maritum.
391 1184 533 1245 uespera
557 1174 670 1226 tamen
696 1163 762 1226 iam
787 1174 918 1228 noctem
943 1165 1107 1240 trahente,
1133 1186 1226 1246 prae·
1285 1158 1290 1164 ’

173 1266 265 1348 cipiti
295 1267 508 1331 festinatione
539 1268 660 1330 nefarii
690 1268 825 1331 sceleris
856 1268 989 1331 instruit
1016 1279 1222 1350 apparatum.

121 1398 150 1430 10
173 1392 238 1433 nox
272 1372 395 1448 aderat,
430 1382 463 1435 et
499 1372 637 1434 maritus
677 1373 802 1447 aderat,
837 1372 1055 1454 protinusque
1094 1374 1225 1435 ueneris

174 1476 307 1556 proeliis
319 1476 474 1539 uelitatus
491 1477 594 1539 altum
611 1496 765 1556 soporem
781 1477 1008 1539 descenderat.
1071 1494 1124 1539 22.
1145 1487 1224 1540 tunc

175 1580 312 1664 Psyche,
330 1589 363 1642 et
379 1579 526 1661 corporis
543 1590 576 1642 et
592 1579 694 1642 animi
712 1579 857 1662 alioquin
877 1579 1015 1654 infirma,
1035 1580 1095 1641 fati
1113 1590 1224 1643 tamen

173 1683 311 1746 saeuitia
341 1683 621 1758 subministrante,
653 1683 779 1746 uiribus
810 1683 992 1757 roboratur,
1025 1694 1058 1745 et
1097 1685 1225 1764 prolata

42 1870 46 1878 Ι
172 1787 309 1850 lucerna
338 1797 372 1850 et
402 1789 542 1870 adrepta
572 1789 736 1850 nouacula
767 1807 881 1851 sexum
909 1787 1048 1849 audacia
1074 1788 1221 1850 mutauit.

121 1917 149 1964 15
173 1893 240 1967 sed,
258 1912 334 1954 cum
356 1892 497 1974 primum
520 1892 652 1955 luminis
676 1891 842 1954 oblatione
865 1890 929 1953 tori
952 1900 1080 1953 secreta
1103 1892 1225 1953 clarue-

172 2005 259 2072 runt,
274 1996 364 2060 uidet
380 1997 528 2060 omnium
544 1997 691 2058 ferarum
709 1994 916 2058 mitissimam
933 1995 1224 2076 dulcissimamque

171 2099 322 2176 bestiam,
339 2100 450 2181 ipsum
467 2100 558 2162 illum
577 2098 786 2181 Cupidinem,
804 2099 1012 2161 formonsum
1034 2099 1143 2173 deum,
1162 2100 1225 2161 for·

172 2225 288 2268 monse
307 2204 494 2280 cubantem,
512 2204 605 2267 cuius
626 2213 764 2284 aspectu
783 2204 939 2265 lucernae
958 2222 1089 2284 quoque
1111 2203 1223 2264 lumen

173 2308 350 2371 hilaratum
384 2307 572 2383 increbruit,
605 2317 638 2370 et
672 2306 833 2369 acuminis
872 2305 1024 2386 sacrilegi
1061 2307 1225 2368 nouacula

120 2439 149 2471 ω
172 2412 390 2492 praenitebat.
449 2422 482 2475 at
513 2433 593 2475 uero
621 2411 751 2494 Psyche
777 2420 871 2472 tanto
899 2419 1037 2490 aspectu
1068 2409 1225 2472 deterrita

172 2525 207 2578 et
225 2515 332 2597 impos
351 2515 454 2578 animi
473 2515 618 2578 marcido
638 2515 763 2596 pallore
783 2514 915 2576 defecta
937 2523 1150 2594 tremensque
1172 2513 1224 2575 de-

172 2619 258 2682 sedit
273 2620 307 2682 in
323 2620 407 2683 imos
423 2620 575 2702 poplites,
593 2630 626 2683 et
642 2620 767 2681 ferrum
784 2617 914 2699 quaerit
932 2617 1145 2691 abscondere,
1164 2618 1222 2679 sed

171 2722 205 2785 in
227 2744 286 2786 suo
308 2733 451 2805 pectore.
498 2724 587 2806 quod
611 2724 763 2804 profecto
787 2720 931 2795 fecisset,
952 2720 1016 2782 nisi
1039 2721 1163 2783 ferrum
1189 2721 1224 2783 ti-

172 2846 263 2890 more
272 2827 358 2890 tanti
369 2827 486 2908 flagitii
499 2827 652 2889 manibus
664 2825 848 2889 temerariis
860 2825 1034 2905 delapsum
1047 2825 1220 2887 euolasset.

119 2955 147 3002 ας
171 2929 303 3013 iamque
324 2932 421 3007 lassa,
439 2933 545 2994 salute
566 2931 709 3005 defecta,
730 2930 808 2992 dum
832 2928 965 3010 saepius
986 2927 1091 2990 diuini
1112 2930 1222 2990 uultus

171 3033 318 3097 intuetur
336 3035 625 3117 pulchritudinem,
646 3043 815 3096 recreatur
834 3032 943 3094 animi.
992 3031 1084 3094 uidet
1105 3033 1222 3111 capitis

172 3138 262 3202 aurei
278 3139 442 3220 genialem
458 3139 638 3201 caesariem
656 3137 821 3199 ambrosia
833 3136 1061 3210 temulentam,
1076 3135 1222 3198 ceruices

171 3240 304 3319 lacteas,
321 3262 493 3325 genasque
512 3261 698 3324 purpureas
717 3249 930 3322 pererrantes
948 3239 1087 3302 crinium
1106 3238 1222 3319 globos

171 3344 333 3409 decoriter
355 3347 541 3428 impeditos,
564 3346 646 3408 alios
670 3345 923 3425 antependulos,
950 3343 1031 3405 alios
1054 3351 1223 3422 retropen-

117 3475 147 3520 30
170 3449 275 3524 dulos
293 3470 433 3532 quorum
450 3450 627 3531 splendore
644 3449 745 3510 nimio
761 3448 956 3528 fulgurante
972 3446 1037 3509 iam
1058 3456 1091 3508 et
1112 3446 1221 3527 ipsum

171 3552 282 3615 lumen
314 3555 469 3616 lucernae
500 3553 686 3615 uacillabat.
746 3572 806 3633 per
833 3571 965 3612 umeros
995 3549 1139 3612 uolatilis
1170 3549 1222 3612 dei

171 3656 293 3737 pinnae
310 3656 459 3719 roscidae
477 3656 611 3718 micanti
627 3656 707 3717 flore
726 3654 912 3728 candicant,
930 3664 972 3729 et,
990 3651 1144 3734 quamuis
1163 3652 1223 3715 alis
