2684 4094
126 238 187 318 164
388 250 598 303 FRAGMENTS
621 252 666 302 os
689 252 816 302 nounu
839 254 965 304 smum

173 406 237 470 isto
253 427 327 470 meo
344 409 470 489 pectori
486 408 666 473 uolentiam
683 409 809 474 scilicet
824 421 1083 493 perpetraturae
1099 417 1237 480 “uenitis

173 512 232 574 sed
254 511 340 587 totis,
364 533 430 587 oro,
454 512 573 576 uestris
597 512 722 577 uiribus
748 515 900 598 Psychen
924 515 1015 579 illam
1041 518 1236 600 fugitiuam,

173 616 358 692 uolaticam,
376 616 457 679 mihi
480 616 645 699 requirite.
693 637 755 681 nec
781 618 869 680 enim
890 639 949 682 uos
973 619 1092 703 utique
1115 623 1236 687 domus

173 740 266 783 meae
286 721 416 784 famosa
435 721 549 784 fabula
571 731 604 783 et
625 742 692 784 non
715 721 848 786 dicendi
869 722 926 785 filii
949 722 1015 786 mei
1036 724 1133 788 iacta
1157 727 1236 790 latu-

135 826 290 897 serunt!
347 836 426 889 tunc
455 824 538 900 illae,
565 825 700 907 ignarae
729 847 815 908 quae
845 837 941 909 gesta
972 837 1061 904 sunt,
1091 831 1235 911 palpare

172 930 312 992 Veneris
329 930 410 992 iram
428 929 631 992 saeuientem
646 929 692 993 sic
705 930 857 994 adortae:
885 931 979 1014 ‘quid
990 931 1069 1008 tale,
1083 933 1232 1010 domina,

172 1033 309 1116 deliquit
329 1045 406 1097 tuus
426 1035 520 1109 filius
540 1044 576 1097 ut
599 1033 710 1097 animo
736 1035 901 1116 peruicaci
925 1035 1120 1116 uoluptates
1146 1037 1233 1101 illius

173 1137 358 1220 impugnes
373 1149 405 1202 et
422 1159 522 1221 quam
538 1138 592 1201 ille
605 1137 712 1220 diligit
725 1148 761 1200 tu
774 1159 906 1222 quoque
923 1139 1066 1220 perdere
1083 1142 1233 1222 gestias?

172 1243 259 1323 quod
291 1253 410 1319 autem,
444 1264 586 1318 oramus,
619 1242 673 1305 isti
704 1242 839 1318 crimen,
872 1243 900 1306 si
930 1243 1062 1324 puellae
1097 1244 1232 1326 lepidae

121 1374 148 1406 10
171 1346 311 1409 libenter
328 1348 464 1410 adrisit?
519 1368 561 1410 an
575 1347 709 1428 ignoras
725 1367 801 1409 eum
818 1348 1002 1413 masculum
1019 1356 1053 1411 et
1070 1348 1231 1413 iuuenem

172 1470 253 1526 esse,
279 1453 332 1514 uel
356 1462 444 1515 certe
469 1452 535 1514 iam
563 1461 644 1533 quot
675 1450 718 1513 sit
748 1471 911 1514 annorum
942 1450 1043 1514 oblita
1076 1453 1141 1515 es?
1189 1476 1231 1517 an

172 1556 260 1636 quod
280 1566 422 1619 aetatem
445 1566 554 1638 portat
577 1554 709 1630 bellule,
728 1575 811 1636 puer
832 1554 891 1618 tibi
915 1575 1048 1636 semper
1072 1555 1231 1621 uidetur?

172 1670 276 1722 mater
304 1671 414 1723 autem
442 1672 486 1735 tu,
512 1670 545 1723 et
577 1668 750 1740 praeterea
777 1659 913 1723 cordata
944 1659 1071 1735 mulier,
1097 1661 1158 1724 filii
1183 1663 1231 1725 tui

171 1764 262 1826 lusus
281 1786 413 1846 semper
434 1762 621 1845 explorabis
640 1763 779 1838 curiose,
797 1772 831 1826 et
853 1763 888 1825 in
911 1782 951 1825 eo
975 1762 1139 1827 luxuriem
1166 1767 1231 1829 cul·

121 1895 146 1939 15
172 1869 274 1948 pabiS,
293 1880 325 1931 et
342 1889 472 1931 amores
489 1868 650 1943 reuinces,
668 1877 701 1930 et
720 1877 795 1930 tuas
816 1875 905 1930 artes
926 1876 1068 1949 tuasque
1090 1869 1230 1934 delicias

171 1971 204 2033 in
228 1973 398 2035 formonso
422 1972 488 2035 filio
516 1972 767 2053 reprehendes?
821 1970 896 2055 quis
919 1981 1031 2034 autem
1053 1980 1090 2035 te
1115 1973 1228 2050 deum,

171 2076 244 2157 quis
273 2077 444 2138 hominum
471 2077 616 2158 patietur
643 2076 767 2158 passim
796 2075 971 2157 cupidines
998 2075 1133 2158 populis
1167 2079 1230 2141 dis-

171 2180 399 2255 seminantem,
426 2201 500 2243 cum
528 2190 604 2242 tuae
632 2181 751 2243 domus
779 2200 909 2244 amores
933 2201 1045 2244 amare
1068 2202 1229 2247 coerceas

171 2292 204 2346 et
220 2284 372 2346 uitiorum
390 2284 598 2346 muliebrium
616 2284 782 2366 publicam
800 2285 998 2366 praecludas
1014 2284 1186 2350 officinam
1198 2289 1228 2352 ?’

118 2416 146 2447 ω
170 2387 216 2449 sic
240 2388 315 2450 illae
339 2398 428 2450 metu
456 2388 652 2469 sagittarum
680 2389 865 2470 patrocinio
892 2389 1038 2470 gratioso
1065 2390 1230 2473 Cupidini

171 2492 321 2573 quamuis
349 2492 478 2555 absenti
505 2493 769 2555 blandiebantur.
820 2493 879 2555 sed
902 2494 1019 2556 Venus
1050 2492 1230 2576 indignata

170 2595 305 2658 ridicule
332 2596 466 2658 tractari
491 2617 568 2658 suas
594 2596 729 2658 iniurias
758 2596 945 2677 praeuersis
972 2595 1035 2658 illis
1062 2595 1229 2664 altrorsus

171 2700 299 2763 concito
323 2701 429 2781 gradu
453 2700 573 2783 pelago
597 2700 686 2762 uiam
710 2699 864 2781 capessit.

600 2963 710 3026 Lmen
733 2964 793 3028 VI.

216 3137 244 3181 1.
268 3116 396 3180 interea
421 3117 551 3200 Psyche
578 3118 678 3180 uariis
705 3117 890 3182 iactabatur
912 3118 1125 3197 discursibus,
1151 3122 1228 3188 dies

116 3255 144 3302 25
169 3232 351 3303 noctesque
375 3221 484 3283 mariti
508 3222 784 3302 uestigationibus
811 3222 959 3305 inquieta
982 3224 1101 3300 animo,
1127 3235 1228 3292 tanto

168 3326 319 3409 cupidior
348 3325 468 3388 iratum
500 3326 654 3401 mulcere,
684 3336 716 3389 et
747 3327 775 3390 si
802 3348 868 3391 non
901 3328 1021 3391 uxoriis
1051 3327 1228 3397 blanditiis

168 3431 280 3506 lenire,
314 3440 403 3494 certe
438 3429 611 3492 seruilibus
646 3431 800 3510 precibus
835 3432 1023 3514 propitiare.
1085 3443 1119 3496 et
1150 3455 1228 3517 pro-

168 3545 283 3617 specto
311 3534 437 3615 templo
464 3534 608 3615 quodam
633 3534 666 3596 in
691 3533 784 3597 ardui
808 3535 929 3599 montis
954 3535 1087 3611 uertice,
1113 3540 1227 3604 ‘unde
1274 3552 1277 3556 ’

167 3640 299 3716 autem,'
328 3638 443 3720 inquit,
474 3638 568 3713 ‘scio‚
597 3657 640 3700 an
671 3637 744 3701 istic
775 3659 869 3702 meus
895 3638 997 3721 degat
1023 3639 1225 3716 dominus?’
