2684 4094
590 265 760 315 nrvnnrvs
1168 269 1225 335 177

174 443 252 486 nam
269 421 399 508 pyxidis
416 422 529 486 sedem
546 422 717 485 recondito
736 423 890 507 Psychen
909 422 1043 486 innoxio
1066 422 1226 504 punctulo

175 527 317 609 sagittae
341 546 421 589 suae
445 526 600 601 suscitat,
617 535 650 588 et
675 527 791 601 ‘ecce,’
816 525 932 608 inquit,
952 531 1100 589 ‘rursum
1123 526 1227 607 perie-

174 650 236 704 ras,
261 630 398 706 misella,
424 629 522 693 simili
545 629 743 693 curiositate.
795 630 854 693 sed
878 630 1009 694 interim
1033 630 1166 712 quidem
1189 641 1226 694 tu

174 733 380 818 prouinciam
397 753 484 816 quae
499 733 559 798 tibi
574 734 689 796 matris
701 754 795 796 meae
809 744 989 815 praecepto
1001 734 1160 799 mandata
1175 745 1226 798 est

136 857 354 920 5exsequere
382 837 530 902 nauiter:
562 848 674 902 cetera
700 847 833 919 egomet
860 836 996 902 uidero’
1049 838 1099 901 his
1130 838 1226 902 dictis

174 951 302 1004 amator
325 941 408 1005 leuis
431 941 465 1004 in
489 941 609 1023 pinnas
633 962 669 1005 se
693 941 791 1004 dedit.
842 943 971 1027 Psyche
994 962 1074 1005 uero
1098 943 1226 1006 confes-

173 1045 233 1109 tim
256 1045 381 1110 Veneri
404 1067 525 1108 munus
549 1055 696 1128 reportat
721 1046 948 1127 Proserpinae.

218 1167 270 1212 22.
297 1149 425 1213 interea
454 1150 585 1232 Cupido
616 1170 728 1212 amore
759 1149 860 1212 nimio
891 1170 1030 1232 peresus
1060 1159 1094 1212 et
1124 1169 1226 1231 aegra

173 1253 259 1317 facie
283 1254 397 1316 matris
420 1274 499 1317 suae
522 1254 732 1335 repentinam
756 1254 969 1317 sobrietatem
986 1253 1225 1335 pertimescens

122 1388 151 1421 10
173 1357 216 1420 ad
229 1357 394 1420 armillum
406 1358 500 1433 redit,
515 1357 642 1440 alisque
658 1357 848 1439 pernicibus
864 1357 948 1422 caeli
964 1368 1138 1439 penetrato
1154 1378 1226 1420 uer-

172 1461 238 1524 tice
268 1481 391 1543 magno
423 1462 497 1525 Ioui
527 1461 693 1544 supplicat
724 1481 885 1543 suamque
923 1482 1058 1525 causam
1096 1462 1223 1543 probat.

172 1573 253 1628 tunc
289 1565 440 1648 Iuppiter
474 1566 640 1647 prehensa
674 1565 849 1647 Cupidinis
882 1565 1023 1629 buccula
1057 1586 1224 1647 manuque

173 1669 215 1732 ad
234 1689 272 1733 os
291 1689 387 1732 suum
412 1669 516 1732 relata
538 1669 719 1744 consauiat‚
740 1679 840 1751 atque
862 1669 908 1732 sic
930 1669 972 1732 ad
993 1669 1103 1731 illum:
1129 1669 1224 1732 ‘licet

173 1773 230 1848 tu,'
247 1773 362 1855 inquit,
382 1773 533 1836 ‘domine
556 1773 610 1846 fili,
629 1793 811 1855 numquam
836 1772 917 1835 mihi
939 1793 1100 1836 concessu
1124 1773 1223 1836 deum

122 1908 149 1954 15
173 1876 344 1940 decretum
368 1877 511 1940 seruaris
528 1877 698 1953 honorem,
716 1877 775 1940 sed
791 1877 880 1940 istud
897 1887 1015 1959 pectus
1031 1897 1141 1940 meum
1158 1899 1224 1960 quo

172 1981 265 2062 leges
290 1980 530 2045 elementorum
557 1990 592 2044 et
618 1981 708 2044 uices
736 1981 880 2044 siderum
906 1981 1128 2064 disponuntur
1151 2001 1224 2043 con-

173 2085 357 2148 uulneraris
385 2085 526 2148 assiduis
549 2085 668 2148 ictibus
692 2085 882 2167 crebrisque
906 2094 1057 2149 terrenae
1081 2084 1225 2148 libidinis

173 2189 362 2252 foedaueris
385 2188 526 2264 casibus
544 2199 726 2272 contraque
743 2176 835 2271 leges
852 2200 885 2252 et
901 2189 1008 2271 ipsam
1026 2189 1146 2251 Iuliam
1162 2189 1224 2252 dis-

172 2293 396 2376 ciplinamque
412 2294 579 2375 publicam
595 2295 748 2376 turpibus
764 2295 934 2358 adulteriis
946 2293 1223 2357 existimationem

120 2431 150 2463 20
172 2399 364 2482 famamque
377 2419 487 2463 meam
499 2401 644 2477 laeseris,
659 2401 692 2464 in
706 2412 889 2484 serpentes,
903 2402 936 2465 in
949 2402 1054 2484 ignes,
1072 2403 1105 2465 in
1122 2404 1221 2478 feras,

171 2503 206 2565 in
230 2523 311 2567 aues
334 2513 368 2568 et
390 2504 541 2587 gregalia
559 2525 666 2586 pecua
682 2526 818 2570 serenos
839 2506 951 2572 uultus
976 2527 1068 2570 meos
1091 2507 1223 2570 sordide

171 2607 394 2685 reformando,
412 2617 447 2671 at
461 2618 573 2671 tamen
595 2610 778 2673 modestiae
801 2630 895 2673 meae
919 2631 1045 2673 memor
1067 2612 1223 2693 quodque

171 2711 258 2775 inter
273 2712 354 2776 istas
370 2733 462 2777 meas
478 2734 597 2777 manus
614 2716 758 2779 creueris
782 2727 903 2780 cuncta
926 2716 1111 2798 perficiam:
1142 2717 1222 2779 dum

170 2826 285 2880 tamen
306 2816 390 2880 scias
411 2817 560 2882 aemulos
580 2827 656 2882 tuos
675 2841 804 2895 cauere,
822 2841 869 2896 ac,
888 2820 983 2903 siqua
1003 2841 1091 2884 nunc
1110 2820 1143 2883 in
1162 2830 1223 2883 ter-

120 2949 147 2995 25
171 2919 215 2982 ris
239 2921 350 3003 puella
373 2922 558 3004 praepollet
582 2923 837 3004 pulchritudine,
863 2924 1048 3006 praesentis
1071 2925 1224 2988 beneficii

172 3023 279 3087 uicem
303 3045 460 3107 peream
484 3026 565 3089 mihi
588 3048 767 3109 repensare
790 3037 823 3091 te
847 3027 988 3091 debere!

217 3146 269 3205 23.
296 3128 342 3193 sic
367 3131 457 3193 fatus
482 3130 572 3194 iubet
598 3132 800 3196 Mercurium
828 3133 908 3196 deos
936 3152 1052 3195 omnes
1079 3133 1122 3195 ad
1149 3153 1223 3195 con-

171 3232 295 3296 tionem
312 3234 463 3315 protinus
479 3255 671 3311 convocare,
690 3256 728 3299 ac
745 3236 831 3318 siqui
847 3246 944 3299 coetu
960 3236 1151 3299 caelestium
1170 3236 1224 3298 de-

89 3389 93 3392 .
172 3337 291 3400 fuisset
313 3337 346 3400 in
371 3359 513 3420 poenam
535 3339 651 3402 decem
672 3340 797 3403 milium
822 3361 995 3403 nummum
1020 3349 1222 3402 conuentum

119 3467 149 3512 30
171 3440 210 3503 iri
223 3443 446 3523 pronuntiare.
485 3464 550 3525 quo
567 3453 657 3507 metu
674 3444 785 3507 statim
802 3445 968 3526 completo
984 3443 1120 3507 caelesti
1135 3444 1224 3505 thea-

171 3554 224 3608 tro
241 3567 300 3627 pro
317 3546 396 3609 sede
413 3547 544 3609 sublimi
561 3547 682 3610 sedens
699 3568 856 3629 procerus
877 3548 1029 3629 Iuppiter
1051 3547 1098 3610 sic
1122 3567 1223 3610 enun-

171 3648 250 3711 tiat:
275 3649 347 3712 ‘dei
361 3650 541 3732 conscripti
559 3653 732 3715 Musarum
753 3652 837 3727 albo,
855 3652 1103 3714 adulescentem
1123 3650 1223 3712 istum

251 3763 326 3800 FRAG.
339 3764 432 3800 snT.—
443 3765 471 3800 12
