2684 4094
147 267 207 329 140
404 261 615 310 FRAGMENTS
638 261 682 310 OF
705 261 831 311 ROMAN
855 261 981 310 SATIRE

194 418 259 480 iam
276 417 421 480 numinis
440 418 491 479 sui
510 418 634 499 passim
653 417 777 480 tributa
797 418 894 480 uenia
915 418 948 480 in
971 419 1088 482 mediis
1109 440 1253 484 conuer-

161 577 164 582 .
195 521 261 585 sari
279 521 394 603 populi
413 521 580 584 coetibus:
605 523 658 584 uel
678 532 767 584 certe
787 542 916 584 rursum
939 543 1026 585 nouo
1050 524 1251 587 caelestium

195 625 355 688 stillarum
393 625 542 706 germine
582 646 649 688 non
689 625 792 688 maria
834 625 892 688 sed
934 636 1038 689 terras
1076 628 1250 691 Venerem

195 729 292 792 aliam
324 728 477 810 uirginali
507 728 587 791 flore
618 728 803 809 praeditam
836 729 1026 810 pullulasse.
1111 749 1166 810 29.
1202 731 1250 796 sic

157 863 170 908 5
195 833 393 895 immensum
411 832 560 913 procedit
576 832 609 894 in
629 832 699 894 dics
718 832 849 914 opinio:
874 832 920 895 sic
939 833 1063 896 insulas
1085 834 1151 896 iam
1174 856 1252 916 pro-

195 957 310 1000 xumas
348 947 381 998 ct
419 946 524 999 terrae
563 936 750 1017 plusculum
789 936 1043 1019 prouinciasque
1086 938 1250 1019 plurimas

195 1041 285 1103 fama
302 1050 454 1121 porrecta
472 1050 684 1121 peruagatus.
731 1040 795 1101 iam
816 1040 910 1102 multi
929 1041 1116 1103 mortalium
1137 1042 1250 1137 longis

196 1143 366 1206 itineribus
393 1154 493 1226 atque
524 1143 692 1206 altissimis
722 1144 822 1206 maris
853 1144 1016 1206 meatibus
1048 1144 1090 1206 ad
1121 1147 1250 1209 saeculi

196 1247 365 1330 specimen
392 1247 571 1329 gloriosum
598 1246 820 1310 confluebant.
869 1248 1007 1328 Paphon
1035 1269 1144 1323 nem0,
1172 1251 1251 1314 Cni-

145 1381 172 1412 10
196 1352 260 1414 don
278 1372 385 1427 nem0,
403 1372 441 1415 ac
468 1371 510 1414 ne
538 1351 611 1432 ipsa
634 1351 767 1432 quidem
792 1351 938 1436 Cythera
961 1353 1003 1414 ad
1027 1363 1249 1434 conspectum

196 1456 279 1518 deae
306 1455 448 1519 Veneris
479 1454 690 1536 navigabant.
750 1475 845 1518 sacra
875 1455 949 1518 diae
980 1465 1248 1536 praetereuntur,

196 1560 321 1641 templa
352 1560 588 1632 deformantur,
622 1558 808 1640 puluinaria
839 1569 1061 1640 perteruntur‚
1089 1560 1251 1624 caerimo-

196 1663 270 1726 niae
292 1665 523 1744 negleguntur,
545 1663 739 1726 incoronata
762 1662 945 1738 simulacra,
968 1673 1002 1726 et
1024 1684 1100 1726 arae
1124 1664 1249 1728 uiduae

196 1767 317 1848 frigido
351 1766 461 1829 cinere
496 1766 659 1829 foedatae.
729 1766 859 1848 puellae
894 1766 1107 1848 supplicatur,
1144 1778 1178 1831 et
1215 1770 1249 1832 in

34 1850 64 1918 '.
145 1899 171 1944 15
197 1870 349 1933 humanis
373 1869 518 1932 uultibus
541 1871 624 1933 deae
647 1879 766 1932 tantae·
784 1869 1126 1952 numinayplacantun
1151 1882 1186 1935 et
1215 1874 1249 1936 in

196 1975 358 2037 matutino
388 1994 566 2056 progressu
597 1973 735 2054 uirginis
766 1973 907 2037 uictimis
938 1984 971 2037 et
991 1975 1108 2056 ¹epulis
1138 1977 1250 2040 Vene-

196 2080 240 2141 ris
274 2078 421 2141 absentis
455 2093 579 2140 numen
613 2078 819 2159 propitiatur,
854 2077 987 2160 iamque
1022 2098 1082 2160 per
1116 2080 1249 2160 plateas

196 2192 438 2246 commeantem
464 2181 579 2264 populi
603 2182 795 2264 frequenter
818 2180 954 2244 floribus
978 2182 1074 2246 sertis
1100 2192 1134 2246 et
1161 2185 1250 2247 solu-

195 2287 237 2350 tis
253 2287 483 2368 adprecantur.

144 2421 173 2452 ιο
239 2392 321 2454 haec
344 2393 506 2455 honorum
525 2391 718 2455 caelestium
737 2392 779 2454 ad
799 2391 929 2473 puellae
951 2392 1098 2456 mortalis
1119 2394 1248 2457 cultum

195 2495 361 2559 inmodica
383 2496 556 2560 translatio
579 2516 678 2559 uerae
693 2496 836 2559 Veneris
858 2497 1076 2566 uehementer
1098 2497 1249 2562 incendit

195 2600 344 2663 animos:
385 2609 418 2663 et
448 2600 614 2682 inpatiens
648 2599 895 2681 indignationis,
927 2601 1036 2682 capite
1072 2603 1248 2683 quassanti

195 2704 342 2767 fremens
373 2704 481 2781 altius,
510 2704 556 2767 sic
587 2724 700 2767 secum
731 2704 882 2767 disserit:
956 2723 1009 2780 30·
1041 2711 1103 2768 ‘en
1133 2725 1247 2768 rerum

195 2819 333 2871 naturae
361 2808 470 2889 prisca
497 2828 628 2890 parens,
653 2829 695 2870 en
719 2808 958 2871 elementorum
982 2809 1075 2889 origo
1099 2808 1246 2886 initialis

143 2944 170 2989 ες
194 2932 236 2975 en
256 2912 345 2975 orbis
365 2913 465 2975 totius
488 2913 575 2974 alma
590 2913 716 2986 Venus,
738 2908 859 2996 [quae]
879 2932 954 2974 cum
979 2911 1109 2975 mortali
1132 2914 1248 2994 puella

195 3016 350 3097 partiario
381 3016 563 3078 maiestatis
594 3016 719 3078 honore
749 3024 881 3090 tractor,
913 3025 947 3078 et
976 3036 1098 3079 nomen
1133 3037 1247 3080 meum

195 3121 287 3183 caelo
304 3119 473 3182 conditum
492 3119 631 3182 terrenis
651 3119 801 3182 fordibus
822 3120 1044 3200 profanatur?
1088 3119 1247 3183 nimirum

195 3224 362 3286 communi
393 3224 538 3286 numinis
566 3225 734 3305 piamento
765 3224 907 3287 uicariae
938 3224 1162 3287 uenerationis
1201 3225 1249 3288 in-

195 3338 321 3390 certum
338 3328 518 3403 sustinebo,
536 3339 568 3390 et
585 3328 762 3409 imaginem
780 3349 887 3390 meam
904 3328 1114 3391 circumferet
1133 3330 1248 3410 puella

142 3463 171 3506 30
195 3432 370 3494 moritura!
417 3433 541 3494 frustra
560 3451 613 3494 me
633 3441 747 3513 pastor
762 3432 825 3506 ille,
843 3431 937 3494 cuius
957 3432 1113 3495 iustitiam
1133 3433 1249 3496 fidem-

195 3556 259 3616 que
275 3557 417 3616 magnus
433 3535 663 3616 comprobauit
683 3536 844 3616 Iuppiter,
862 3535 904 3597 ob
926 3537 1078 3598 eximiam
1099 3536 1247 3617 speciem

194 3640 294 3702 tantis
322 3639 478 3722 praetulit
509 3638 644 3702 deabus
700 3640 760 3702 sed
787 3661 853 3702 non
881 3640 965 3702 adeo
993 3640 1144 3721 gaudens
1171 3639 1247 3718 ista,
