2684 4094
151 251 197 317 94
415 247 629 297 fflfiffi'ss
652 249 697 297 OF
718 249 846 296 ROMAN
868 247 996 296 SA'HRE

203 393 339 468 sudauit
352 425 500 487 unquam
516 426 580 467 nec
594 407 719 486 expuit,
736 417 819 486 puto
833 426 911 467 eum
926 406 1040 468 nescio
1056 406 1139 488 quid
1162 408 1266 469 Asia-

204 509 257 571 dis
287 509 453 571 habuisse.
504 521 540 570 et
571 530 670 590 quam
701 510 867 589 benignus
896 511 1090 584 resalutare,
1122 512 1265 573 nomina

204 613 353 674 omnium
380 613 529 685 reddere„
551 623 711 694 tanquam
737 633 826 674 unus
847 614 892 674 de
914 614 1019 675 nobis
1065 614 1181 695 itaque
1205 615 1265 677 illo

205 726 357 797 tempore
371 736 506 778 annona
521 737 583 796 pro
597 717 668 778 luto
681 728 763 778 erat
809 737 885 778 asse
901 737 1024 797 panem
1039 737 1140 799 quem
1163 718 1265 779 emis

169 850 184 897 5
207 840 271 892 ses,
292 841 360 881 non
379 820 546 900 potuisses
567 841 644 881 cum
666 821 773 881 altero
793 821 966 882 deuorare.
1011 841 1102 883 nunc
1123 823 1264 883 oculum

206 923 343 984 bublum
364 924 432 984 uidi
454 924 624 985 maiorem
670 925 736 985 beu
759 925 835 997 beu,
852 925 1000 1005 quotidie
1021 925 1127 1005 peius.
1175 927 1264 988 haec

206 1027 337 1089 colonia
362 1038 570 1088 retrouersus
595 1028 716 1090 crescit
740 1038 901 1109 tanquam
932 1029 1018 1090 coda
1046 1029 1150 1090 uituli
1200 1030 1264 1091 sed

207 1150 311 1212 quare
333 1151 395 1192 nos
417 1131 580 1192 habemus
601 1132 744 1193 aedssem
765 1132 865 1193 trium
885 1133 1090 1206 caumatum,
1113 1133 1174 1214 qui
1197 1133 1265 1194 sibi

208 1234 335 1295 mauult
354 1254 463 1295 assem
481 1255 583 1316 quam
606 1236 710 1297 uitam
733 1237 906 1297 nostram?
932 1237 1045 1318 itaque
1066 1236 1158 1298 domi
1180 1257 1265 1316 gau-

157 1367 187 1399 10
207 1337 275 1410 det,
292 1337 368 1418 plus
383 1337 417 1398 in
432 1337 487 1399 die
502 1359 713 1400 nummorum
730 1340 863 1420 accipit,
878 1359 980 1420 quam
998 1341 1084 1401 alter
1105 1340 1266 1420 patrimo

208 1439 300 1502 nium
323 1440 433 1502 habet.
479 1440 546 1502 iam
571 1442 650 1513 scio,
678 1444 768 1504 unde
792 1443 963 1523 acceperit
987 1443 1143 1505 denarios
1170 1444 1264 1506 mille

209 1564 337 1606 aureos
382 1545 442 1606 sed
460 1545 489 1606 si
508 1565 571 1607 nos
592 1545 704 1608 coleos
727 1547 935 1620 haberemus»,
952 1567 1021 1608 non
1043 1557 1174 1608 tantum
1199 1549 1265 1609 sibi

210 1648 366 1729 placeret.
411 1668 501 1711 nunc
522 1650 667 1730 populus
686 1661 739 1711 est
759 1650 851 1712 domi
872 1651 997 1724 leones,
1014 1651 1106 1712 [oras
1128 1652 1262 1731 uulpes.

209 1751 300 1834 quod
314 1751 358 1813 ad
374 1772 427 1813 me
442 1752 570 1826 attinet,
586 1753 652 1814 iam
668 1774 800 1834 pannos
818 1773 911 1815 meos
927 1755 1068 1827 comedi,
1084 1765 1118 1815 et
1137 1755 1165 1815 si
1190 1776 1266 1835 per·

159 1883 187 1928 ις
210 1866 343 1917 seuerat
359 1857 442 1918 haec
457 1876 601 1930 annona,
617 1858 750 1918 casulas
765 1877 858 1919 meas
872 1858 1027 1919 uendam
1074 1858 1154 1938 quid
1170 1859 1265 1920 enim

210 1959 360 2021 futurum
375 1969 436 2033 est,
453 1960 482 2021 si
496 1980 559 2022 nec
574 1960 620 2021 dii
634 1980 697 2022 nec
713 1961 866 2023 homines
882 1961 981 2022 huius
996 1961 1147 2023 coloniae
1167 1962 1265 2023 mise·

210 2063 348 2125 rentur?
396 2064 442 2126 ita
463 2083 557 2126 meos
579 2063 754 2138 fruniscar,
775 2075 812 2125 ut
834 2084 900 2144 ego
922 2076 1004 2144 puto
1026 2064 1140 2126 omnia
1162 2065 1220 2126 illa
1243 2087 1265 2127 a

210 2166 320 2229 diibus
346 2168 425 2229 fieri
476 2188 576 2230 nemo
601 2167 691 2228 enim
718 2168 847 2229 caelum
874 2169 1004 2229 caelum
1031 2177 1136 2249 putat,
1161 2188 1264 2231 nemo

211 2270 369 2332 ieiunium
385 2282 506 2345 seruat,
523 2291 623 2333 nemo
639 2272 756 2333 Iouem
772 2271 830 2352 pili
846 2271 936 2344 facit,
953 2272 1013 2333 sed
1031 2291 1149 2333 omnes
1167 2292 1265 2352 oper-

159 2404 189 2436 ω
210 2373 253 2436 tis
279 2375 383 2437 oculis
409 2375 498 2437 bona
524 2395 585 2436 sua
610 2384 815 2455 computant.
873 2385 975 2436 antea
999 2375 1140 2437 stolatae
1167 2375 1264 2437 ibant

211 2477 310 2540 nudis
327 2478 468 2559 pedibus
483 2478 517 2539 in
533 2478 666 2551 cliuum,
684 2478 792 2558 passis
810 2478 948 2558 capillis
965 2478 1134 2540 mentibus
1157 2479 1262 2558 puris,

211 2592 245 2644 et
277 2583 391 2645 lovem
421 2602 542 2664 aquam
573 2581 763 2645 exorabant
814 2581 925 2662 itaque
956 2582 1068 2643 statim
1100 2582 1262 2644 urceatim

212 2686 396 2767 plouebat:
427 2696 485 2748 aut
507 2695 585 2748 tunc
608 2695 666 2749 aut
689 2705 879 2768 nunquam:
910 2695 944 2747 et
966 2705 1084 2747 omnes
1106 2685 1264 2748 redibant

211 2790 268 2852 udi
290 2800 450 2872 tanquam
472 2810 592 2852 mures.
639 2789 752 2872 itaque
774 2788 820 2851 dii
844 2788 947 2869 pedes
970 2790 1101 2851 lanatos
1124 2789 1261 2864 habent,

159 2925 187 2970 25
211 2895 289 2977 quia
305 2915 366 2957 nos
382 2893 527 2975 religiosi
543 2914 609 2956 non
626 2914 750 2955 sumus.
796 2892 869 2973 agri
885 2892 995 2955 iacent
1005 2891 1011 2912 ¹
1023 2929 1067 2938 —-

254 3015 309 3078 45.
336 3004 412 3061 ‘oro
441 2999 491 3060 te’
524 2997 630 3079 inquit
659 2996 787 3059 Echion
812 2995 1026 3059 centonarius
1054 2994 1192 3059 ‘melius
1219 2997 1264 3060 lo

211 3121 322 3184 quere.
371 3102 499 3164 “modo
522 3101 578 3175 sic,
596 3101 695 3163 modo
719 3101 794 3163 sic'‘
812 3100 919 3181 inquit
941 3099 1102 3174 rusticus;
1130 3100 1262 3162 uarium

213 3227 349 3289 porcum
369 3205 567 3288 perdiderat.
614 3205 703 3287 quod
723 3204 821 3267 hodie
844 3224 911 3266 non
934 3213 995 3277 est,
1013 3223 1087 3266 cras
1109 3203 1190 3265 erit:
1214 3204 1262 3268 sic

212 3310 281 3373 uita
296 3310 447 3373 truditur.
495 3329 561 3371 non
578 3309 784 3370 mehercules
801 3307 909 3389 patria
925 3307 1040 3369 melior
1056 3307 1120 3370 dici
1139 3317 1261 3388 potest,

160 3445 189 3491 30
212 3415 239 3478 si
257 3414 408 3478 homines
424 3414 570 3476 haberet.
618 3413 676 3474 sed
692 3412 819 3473 laborat
836 3411 898 3474 hoc
914 3421 1076 3492 tempore,
1094 3431 1156 3473 nec
1178 3411 1262 3476 haec

213 3519 291 3582 sola.
338 3538 404 3581 non
422 3518 581 3580 debemus
598 3516 730 3578 delicati
749 3535 832 3589 esse,
850 3515 972 3596 ubique
997 3515 1126 3577 medius
1149 3515 1263 3578 caelus

212 3634 272 3687 est.
319 3632 354 3686 tu
374 3622 401 3685 si
421 3622 521 3684 aliubi
545 3620 658 3696 fueris,
680 3619 771 3683 dices
794 3619 846 3681 hic
871 3639 990 3700 porcos
1013 3628 1126 3681 coctos
1149 3617 1264 3681 ambu-
