2684 4094
417 247 627 295 runcuaurs
650 247 695 295 os
719 210 994 296 nounu'sauua

205 424 292 487 quae
315 404 348 466 in
370 424 432 466 usu
456 402 628 478 habemus
646 412 702 465 aut
718 403 858 466 audiunt
874 413 930 466 aut
947 402 1070 478 uident,
1089 403 1148 466 sed
1173 405 1255 485 pira-

205 517 257 572 tas
280 528 355 570 cum
383 507 510 570 catenis
536 506 570 569 in
597 505 691 569 litore
716 516 852 582 stantes,
878 507 937 569 sed
963 517 1123 590 tyrannos
1147 508 1255 571 edicta

206 611 397 684 scribentes,
416 610 536 692 quibus
559 610 724 692 imperent
747 610 821 672 filiis
843 620 878 673 ut
902 619 1034 691 patrum
1054 631 1188 673 suorum
1206 632 1256 674 ca-

197 716 276 798 pita
301 714 503 797 praecidant,
528 714 587 776 sed
615 734 776 795 responsa
803 713 836 775 in
862 713 1085 795 pestilentiam
1109 715 1195 789 data,
1221 725 1256 777 ut

168 849 183 897 5
206 819 353 901 uirgines
376 829 443 882 tres
470 828 527 882 aut
554 818 666 900 plures
689 818 909 892 immolentur,
934 818 993 880 sed
1021 819 1163 881 mellitos
1187 839 1257 881 uer-

206 923 323 986 borum
342 923 496 1005 globulos
512 931 545 984 et
561 921 672 985 omnia
688 922 777 984 dicta
798 922 954 1003 factaque
971 921 1066 1004 quasi
1087 942 1256 1004 papauere

207 1036 240 1089 et
263 1047 393 1090 sesamo
417 1046 542 1108 sparsa.
613 1044 643 1088 2.
669 1025 726 1108 qui
749 1025 835 1087 inter
859 1026 941 1088 haec
965 1026 1163 1101 nutriuntur,
1188 1048 1255 1088 non

135 1182 137 1186 ,
208 1130 315 1211 magis
338 1150 455 1213 sapere
479 1138 629 1212 possunt,
654 1149 753 1210 quarn
779 1130 864 1192 bene
887 1130 985 1203 olere,
1010 1129 1122 1210 quiin
1146 1130 1256 1192 culina

208 1234 367 1297 habitant.
416 1254 497 1316 pace
519 1244 632 1297 uestra
652 1234 749 1296 liceat
765 1233 894 1308 dixisse,
913 1233 1009 1314 primi
1029 1234 1174 1296 omnium
1194 1234 1257 1296 elo-

157 1367 185 1399 ιο
208 1338 378 1420 quentiam
394 1337 593 1420 perdidistis.
634 1337 762 1400 leuibus
779 1337 866 1400 enim
880 1347 980 1419 atque
996 1337 1149 1400 inanibus
1166 1338 1257 1400 sonis

208 1440 349 1504 ludibria
361 1443 525 1523 quaedam
541 1441 715 1505 excitando
732 1441 901 1516 effecistis,
915 1450 950 1503 ut
963 1461 1083 1522 corpus
1100 1441 1256 1503 orationis

208 1555 422 1634 eneruaretur
438 1555 471 1609 et
489 1545 632 1609 caderet.
680 1545 829 1608 nondum
852 1545 989 1607 iuuenes
1013 1544 1257 1608 declamationi-

208 1649 271 1712 bus
287 1649 551 1725 continebantur,
563 1670 639 1713 cum
656 1649 840 1730 Sophocles
857 1659 913 1712 aut
932 1649 1109 1730 Euripides
1125 1649 1257 1711 inuene-

208 1762 285 1815 runt
301 1752 404 1816 uerba
420 1753 540 1836 quibus
556 1753 717 1816 deberent
738 1753 836 1835 loqui.
884 1752 1032 1815 nondum
1054 1753 1257 1814 umbraticus

157 1885 184 1932 15
208 1855 324 1920 doctor
340 1855 474 1937 ingenia
489 1856 667 1933 deleuerat,
685 1877 760 1920 cum
779 1857 941 1920 Pindarus
957 1877 1146 1939 nouemque
1165 1856 1257 1941 lyrici

210 1959 398 2024 Homericis
428 1960 580 2024 uersibus
610 1981 730 2024 canere
763 1960 953 2024 timuerunt.
1004 1971 1037 2023 et
1067 1981 1110 2024 ne
1141 1971 1257 2042 poetas

212 2059 382 2149 [quidem]
410 2064 452 2126 ad
482 2064 707 2127 testimonium
734 2064 842 2140 citem,
866 2075 955 2128 certe
982 2084 1090 2146 neque
1119 2066 1257 2127 Platona

208 2187 317 2250 neque
335 2168 590 2231 Demosthenen
609 2168 651 2230 ad
675 2168 738 2231 hoc
761 2188 869 2249 genus
888 2168 1131 2231 exercitationis
1151 2189 1258 2231 acces-

208 2271 291 2335 sisse
307 2271 413 2335 uideo.
460 2272 596 2355 grandis
617 2281 651 2336 et
673 2281 710 2336 ut
731 2272 777 2336 ita
799 2272 908 2336 dicam
931 2272 1053 2354 pudica
1071 2273 1173 2335 oratio
1190 2293 1256 2335 non

156 2404 185 2436 ω
207 2383 259 2438 est
274 2375 443 2439 maculosa
458 2396 520 2439 nec
539 2376 680 2458 turgida,
698 2376 758 2439 sed
779 2376 922 2440 naturali
944 2375 1191 2458 pulchritudine
1207 2397 1258 2438 ex·

208 2479 323 2561 surgit.
363 2499 469 2562 nuper
481 2490 621 2543 uentosa
636 2480 737 2543 istaec
750 2489 784 2544 et
799 2480 944 2543 enormis
960 2480 1141 2562 loquacitas
1154 2480 1258 2560 Athe-

208 2604 269 2646 nas
286 2603 326 2646 ex
341 2583 426 2646 Asia
440 2583 673 2665 commigrauit
688 2584 883 2666 animosque
902 2583 1059 2646 iuuenum
1076 2584 1118 2646 ad
1135 2604 1258 2664 magna

208 2697 384 2768 surgentes
400 2686 502 2750 ueluti
524 2687 692 2768 pestilenti
707 2689 852 2770 quodam
869 2671 975 2750 sidere
991 2686 1125 2762 afflauit,
1143 2688 1258 2749 semel·
1281 2722 1284 2727 ·

209 2810 272 2873 que
296 2800 452 2872 corrupta
472 2791 589 2872 regula
612 2791 802 2873 eloquentia
825 2791 915 2854 stetit
938 2801 971 2854 et
994 2790 1167 2854 obmutuit.
1215 2792 1257 2852 ad

157 2922 183 2968 25
200 2915 382 2969 summam,
407 2894 481 2976 quis
512 2904 629 2976 postea
659 2895 875 2979 Thucydidis,
900 2895 973 2977 quis
1007 2893 1190 2979 Hyperidis
1215 2895 1257 2956 ad

208 2998 333 3059 famam
360 2997 544 3080 processit?
590 3019 628 3061 ac
653 3018 696 3061 ne
720 3019 855 3062 carmen
883 2998 1016 3080 quidem
1044 2998 1117 3060 sani
1139 2998 1257 3060 coloris

208 3101 334 3177 enituit,
359 3102 418 3165 sed
442 3101 553 3165 omnia
575 3102 670 3184 quasi
693 3102 811 3167 eodem
835 3101 908 3165 cibo
932 3111 1028 3183 pasta
1050 3110 1118 3164 non
1146 3111 1258 3183 potue·

208 3215 286 3268 runt
308 3226 413 3287 usque
438 3206 480 3268 ad
505 3216 712 3269 senectutem
737 3225 924 3269 canescere.
972 3204 1102 3286 pictura
1126 3224 1257 3286 quoque

208 3330 275 3373 non
291 3308 391 3372 alium
408 3310 530 3372 exitum
552 3309 641 3386 iecit,
659 3319 836 3392 postquam
853 3308 1099 3393 Aegyptiorum
1120 3307 1258 3370 audacia

157 3444 186 3490 30
208 3423 276 3475 tam
293 3434 435 3494 magnae
452 3414 531 3477 artis
547 3413 829 3494 compendiariam
848 3413 995 3475 inuenit!

254 3536 285 3594 3.
311 3539 376 3580 non
399 3527 449 3580 est
470 3539 589 3600 passus
606 3518 842 3599 Agamemnon
859 3536 911 3579 me
927 3515 1050 3579 diutius
1071 3515 1258 3578 declamare

209 3621 242 3683 in
267 3622 405 3704 porticu,
430 3643 530 3705 quam
554 3623 625 3704 ipse
649 3622 682 3685 in
703 3621 818 3686 schola
841 3622 1027 3697 sudauerat,
1053 3620 1111 3684 sed
1136 3620 1259 3683 ‘adule-
