2684 4094
558 328 561 333 q
585 267 755 317 nevumvs
1161 276 1220 339 143

173 434 352 508 praecepta
383 424 480 489 sortis
511 423 635 488 enodat
667 423 845 488 infaustae.
906 435 1082 503 maeretur,
1113 425 1219 503 fletur,

172 530 373 594 lamentatur
388 529 505 592 diebus
521 527 689 611 plusculis.
736 528 795 592 sed
813 529 904 592 dirae
924 530 1021 594 sortis
1039 530 1105 593 iam
1124 541 1222 612 urget

172 643 277 698 taeter
303 633 454 696 effectus.
513 632 579 695 iam
609 631 763 695 feralium
794 633 986 716 nuptiarum
1017 634 1220 698 miserrimae

173 737 293 818 uirgini
309 737 503 818 choragium
520 735 665 826 struitur,
683 735 749 798 iam
765 737 884 800 taedae
903 738 1015 801 lumen
1037 748 1128 802 atrae
1149 739 1222 801 fuli-

97 903 106 910 ,
134 869 148 916 5
172 840 259 922 ginis
281 841 392 907 cinere
415 839 598 916 marcescit,
623 849 657 903 et
683 860 786 904 sonus
811 840 912 904 tibiae
935 842 1051 926 zygiae
1076 852 1223 906 mutatur

172 945 205 1010 in
227 944 402 1026 querulum
427 944 572 1029 Lydium
596 944 740 1020 modum,
758 954 943 1028 cantusque
966 946 1072 1009 laetus
1098 947 1222 1031 Hyme-

123 1095 127 1102 -
172 1049 248 1115 naei
271 1048 403 1129 lugubri
424 1048 537 1111 finitur
559 1047 697 1124 ululatu,
715 1057 749 1112 et
771 1048 884 1130 puella
906 1059 1051 1131 nuptura
1070 1050 1222 1131 deterget

172 1150 326 1217 lacrimas
346 1151 419 1234 ipso
443 1172 503 1215 suo
526 1151 690 1214 flammeo.
737 1150 784 1215 sic
807 1152 963 1216 adfectae
986 1153 1105 1216 domus
1128 1153 1221 1216 triste
1313 1189 1319 1197 .

172 1255 279 1321 fatum
295 1265 416 1319 cuncta
431 1255 531 1319 etiam
547 1255 664 1319 ciuitas
677 1256 908 1336 congemebat,
919 1256 1075 1340 luctuque
1088 1257 1222 1339 publico

121 1388 149 1421 ιο
171 1358 348 1424 confestim
365 1379 554 1440 congruens
569 1358 709 1422 edicitur
724 1358 894 1424 iustitium.

215 1481 270 1541 34.
295 1463 355 1526 sed
375 1462 510 1526 monitis
530 1463 729 1527 caelestibus
750 1464 890 1546 parendi
912 1465 1094 1529 necessitas
1117 1465 1223 1529 misel-

171 1567 237 1633 lam
260 1567 413 1651 Psychen
435 1567 479 1630 ad
501 1566 702 1630 destinatam
726 1586 869 1648 poenam
892 1568 1105 1649 efflagitabat.
1152 1590 1223 1651 per-

171 1670 269 1735 fectis
292 1670 392 1751 igitur
412 1670 527 1733 feralis
549 1670 689 1734 thalami
708 1691 785 1734 cum
807 1691 936 1735 summo
958 1692 1106 1735 maerore
1130 1673 1223 1736 solle-

171 1774 313 1850 mnibus,
325 1784 395 1838 toto
406 1783 628 1857 prosequente
641 1775 766 1857 populo
778 1774 892 1838 uiuum
906 1776 1099 1858 producitur
1109 1777 1220 1852 funus,

121 1907 147 1953 15
172 1888 205 1940 et
220 1877 395 1941 lacrimosa
412 1879 540 1963 Psyche
557 1879 734 1943 comitatur
749 1901 816 1943 non
834 1881 968 1963 nuptias
987 1882 1047 1944 sed
1065 1882 1222 1964 exequias

172 2001 258 2045 suas
310 2002 349 2046 ac
376 1983 455 2045 dum
483 1983 601 2046 maesti
627 1993 784 2066 parentes
810 1993 844 2047 et
870 1993 964 2049 tanto
991 1986 1078 2048 malo
1106 1986 1223 2067 perciti

171 2085 338 2149 nefarium
354 2086 486 2151 facinus
502 2088 661 2169 perficere
677 2097 885 2164 cunctantur,
902 2088 976 2171 ipsa
995 2089 1050 2152 illa
1069 2089 1136 2151 filia
1153 2090 1223 2153 tali-

171 2190 233 2253 bus
249 2210 307 2254 eos
322 2191 518 2255 adhortatur
532 2191 690 2256 uocibus:

216 2295 314 2376 ‘quid
330 2295 497 2358 infelicem
514 2306 684 2359 senectam
700 2295 779 2360 fletu
795 2295 923 2360 diutino
942 2296 1119 2361 cruciatis?
1142 2297 1222 2381 quid

118 2427 147 2460 ω
171 2398 323 2481 spiritum
349 2408 505 2475 uestrum,
530 2400 587 2481 qui
611 2400 718 2481 magis
743 2420 837 2464 meus
864 2409 923 2477 est,
947 2401 1073 2464 crebris
1098 2401 1223 2465 eiulati-

170 2502 233 2565 bus
258 2503 429 2584 fatigatis?
459 2503 539 2585 quid
563 2503 707 2566 lacrimis
731 2503 956 2568 inefficacibus
981 2524 1039 2568 ora
1063 2505 1145 2567 mihi
1169 2527 1222 2568 ue-

114 2639 116 2645 *
141 2638 142 2641 ¹
170 2607 319 2669 neranda
342 2606 509 2671 foedatis?
538 2606 619 2688 quid
641 2607 794 2671 laceratis
816 2607 850 2669 in
874 2608 994 2672 uestris
1019 2608 1122 2672 oculis
1147 2629 1222 2672 mea

170 2709 318 2772 lumina?
352 2710 433 2792 quid
462 2709 617 2774 canitiem
648 2710 820 2774 scinditis?
854 2712 934 2792 quid
966 2722 1110 2794 pectora,
1142 2713 1222 2794 quid

170 2813 273 2877 ubera
294 2824 410 2878 sancta
430 2814 592 2878 tunditis?
637 2815 720 2878 haec
741 2824 839 2878 erunt
859 2815 955 2898 uobis
978 2816 1134 2897 egregiae
1158 2817 1222 2880 for-

118 2945 146 2991 25
171 2918 358 2981 monsitatis
382 2896 476 2981 meae
501 2918 674 3000 praeclara
698 2918 855 3000 praemia.
901 2919 1047 2982 inuidiae
1072 2920 1221 2983 nefariae

170 3021 261 3085 letali
284 3022 385 3104 plaga
407 3022 557 3104 percussi
579 3042 653 3085 sero
676 3022 814 3086 sentitis.
865 3043 940 3087 cum
965 3034 1084 3105 gentes
1109 3034 1142 3087 et
1166 3046 1222 3106 po-

171 3125 242 3207 puli
260 3126 466 3190 celebrarent
487 3148 548 3190 nos
570 3128 690 3191 diuinis
712 3128 902 3205 honoribus,
923 3148 999 3191 cum
1023 3149 1143 3192 nouam
1168 3149 1221 3190 me

170 3229 338 3293 Venerem
363 3251 420 3294 ore
445 3250 592 3294 consono
617 3242 860 3314 nuncuparent,
886 3242 967 3296 ωηο
994 3233 1115 3307 dolere,
1141 3243 1220 3294 ωηο

170 3332 259 3409 flere,
283 3344 363 3397 tunc
390 3355 444 3397 me
470 3334 536 3396 iam
560 3335 655 3416 quasi
678 3345 886 3419 peremptam
909 3337 1024 3418 lugere
1050 3336 1219 3399 debuistis.

117 3465 147 3510 30
170 3436 235 3500 iam
258 3438 373 3513 senti0,
392 3438 457 3500 iam
479 3438 577 3501 uideo
599 3439 668 3501 solo
689 3460 742 3502 me
766 3440 900 3503 nomine
919 3440 1061 3503 Veneris
1084 3439 1219 3521 perisse.

171 3541 282 3604 ducite
313 3562 374 3616 me,
407 3552 441 3605 et
471 3542 525 3604 cui
555 3563 626 3605 sors
657 3543 782 3606 addixit
812 3545 949 3625 scopulo
983 3543 1097 3606 sistite.
1159 3543 1222 3605 fes-

169 3644 240 3708 tino
259 3645 375 3708 felices
390 3645 470 3708 istas
487 3646 621 3728 nuptias
637 3647 727 3710 obire
742 3669 748 3722 ;
773 3647 897 3710 festino
913 3667 1112 3728 generosum
1129 3646 1221 3709 illum
