2684 4094
470 272 662 322 Parnoxrvs
685 272 840 322 ananan
1164 265 1202 328 81

155 431 339 495 obscuritas
355 431 515 512 temporis
531 429 688 493 facillime
707 439 845 511 tegeret.
893 450 968 493 cum
988 450 1069 512 ergo
1085 438 1119 493 et
1141 429 1206 512 ipsi

155 546 286 617 raptum
314 533 485 597 latrocinio
512 533 650 616 pallium
681 533 924 610 detulissemus,
954 534 1001 597 uti
1031 532 1206 598 occasione

155 638 437 720 opportunissima
460 638 631 720 coepimus
656 647 756 720 atque
781 637 814 700 in
841 637 987 720 quodam
1014 637 1139 720 angulo
1163 638 1206 701 la·

155 743 275 805 ciniam
303 752 484 804 extremam
511 751 698 816 concutere,
727 741 879 823 siquem
906 741 994 805 forte
1020 752 1205 823 emptorem

117 877 130 923 5
155 846 313 926 splendor
329 845 433 908 uestis
449 855 563 926 posset
579 845 754 908 adducere.
798 865 860 908 nec
876 844 933 907 diu
949 854 1096 908 moratus
1112 845 1205 909 rusti·

154 969 213 1012 cus
229 949 363 1031 quidam
380 948 553 1011 familiaris
569 948 673 1012 oculis
690 948 771 1012 meis
787 941 866 1012 cum'
880 947 1072 1012 muliercula
1084 948 1205 1013 comite

155 1053 290 1134 propius
306 1052 445 1116 accessit
458 1072 496 1116 ac
509 1052 701 1134 diligentius
713 1052 923 1116 considerare
936 1051 1071 1134 pallium
1085 1052 1203 1134 coepit.

155 1156 298 1219 inuicem
314 1155 473 1241 Ascyltos
489 1156 601 1220 iniecit
616 1155 933 1239 contemplationem
953 1175 1055 1239 super
1073 1175 1205 1219 umeros

155 1259 269 1323 rustici
287 1259 446 1340 emptoris
464 1280 503 1323 ac
523 1259 631 1323 subito
655 1259 863 1323 exanimatus
886 1259 1053 1323 conticuit.
1100 1279 1139 1322 ac
1162 1280 1205 1324 ne

103 1395 132 1429 ιο
154 1363 227 1445 ipse
248 1363 382 1446 quidem
406 1363 477 1426 sine
501 1363 611 1445 aliquo
635 1373 726 1427 motu
750 1363 919 1427 hominem
942 1362 1110 1445 conspexi,
1127 1383 1205 1426 nam

155 1467 330 1530 uidebatur
345 1467 398 1530 ille
417 1467 498 1530 mihi
516 1487 600 1542 esse,
618 1468 675 1550 qui
692 1467 839 1531 tunicam
859 1467 893 1530 in
916 1467 1093 1531 solitudine
1115 1467 1206 1531 inue-

155 1581 258 1634 nerat.
306 1571 405 1652 plane
432 1571 460 1634 is
486 1571 559 1652 ipse
582 1581 661 1635 erat.
709 1572 768 1634 sed
792 1592 868 1635 cum
892 1571 1050 1656 Ascyltos
1073 1570 1206 1636 timeret

155 1675 254 1737 fidem
273 1675 452 1751 oculorum,
470 1695 512 1738 ne
531 1675 611 1757 quid
629 1685 754 1738 temere
777 1675 913 1751 faceret,
931 1675 1022 1756 prius
1044 1684 1204 1757 tanquam

155 1788 286 1860 emptor
303 1779 456 1859 proprius
473 1779 613 1842 accessit
629 1778 837 1861 detraxitque
853 1779 975 1842 umeris
994 1778 1148 1842 laciniam
1172 1789 1206 1843 et

104 1913 131 1959 15
155 1883 346 1963 diligentius
358 1883 542 1964 temptavit.
614 1870 665 1960 13}
690 1904 710 1946 o
723 1883 831 1946 lusum
844 1883 999 1947 fortunae
1012 1882 1203 1947 mirabilem.

155 2007 232 2048 nam
250 1986 358 2049 adhuc
375 1996 509 2049 suturae
525 1987 659 2069 quidem
676 2008 743 2050 non
763 1985 918 2050 attulerat
937 1986 1080 2050 rusticus
1103 1987 1206 2050 curio

155 2111 210 2153 sas
236 2111 364 2166 manus,
390 2091 449 2154 sed
467 2101 636 2174 tanquam
659 2091 804 2156 mendici
826 2091 967 2173 spolium
992 2090 1092 2155 etiam
1115 2090 1206 2154 fasti-

155 2195 248 2258 diose
275 2195 478 2259 uenditabat.
526 2196 685 2281 Ascyltos
713 2206 890 2278 postquam
917 2195 1107 2276 depositum
1130 2215 1205 2259 esse

155 2298 350 2361 inuiolatum
378 2299 460 2361 uidit
490 2309 524 2363 et
555 2319 733 2380 personam
763 2299 940 2363 uendentis
966 2309 1204 2390 contemptam,

104 2431 132 2463 ω
156 2401 285 2465 seduxit
311 2422 365 2465 me
393 2402 563 2484 paululum
591 2424 610 2465 a
637 2403 734 2466 turba
757 2412 791 2467 et
816 2403 916 2467 ‘scis’
941 2403 1048 2485 inquit
1073 2403 1203 2476 ‘fratem

155 2506 293 2569 rediisse
320 2507 362 2568 ad
389 2527 450 2571 nos
477 2508 672 2570 thesaurum
695 2507 737 2570 de
760 2528 826 2590 quo
850 2506 1032 2590 querebar?
1077 2505 1133 2569 illa
1154 2515 1206 2570 est

155 2609 303 2672 tunicula
318 2610 437 2685 adhuc,
455 2621 490 2673 ut
513 2620 663 2692 apparet,
681 2610 814 2675 intactis
838 2610 947 2674 aureis
971 2610 1077 2692 plena.
1126 2610 1205 2692 quid

156 2733 236 2794 ergo
273 2713 425 2789 facimus,
464 2724 521 2777 aut
556 2735 623 2797 quo
660 2715 730 2778 iure
768 2735 837 2778 rem
875 2724 1023 2779 nostram
1062 2713 1206 2777 uindica-

156 2818 269 2879 mus?’

104 2948 132 2995 25
200 2921 401 2985 exhilaratus
424 2942 488 3003 ego
512 2943 579 2986 non
602 2932 732 2986 tantum
755 2922 834 3005 quia
859 2923 1016 3004 praedam
1040 2921 1204 2996 videbam,

156 3025 215 3088 sed
245 3025 345 3088 etiam
376 3026 465 3107 quod
496 3027 631 3089 fortuna
661 3046 714 3090 me
745 3047 764 3089 a
794 3026 987 3109 turpissima
1017 3025 1206 3107 suspicione

155 3129 334 3204 dimiserat,
366 3130 488 3211 negavi
520 3129 657 3194 circuitu
694 3131 872 3211 agendum,
906 3130 965 3193 sed
1002 3129 1101 3211 plane
1135 3129 1206 3191 iure

155 3233 242 3295 civili
269 3233 502 3308 dimicandum,
530 3243 567 3296 ut
594 3234 622 3296 si
648 3233 775 3297 nollent
801 3233 944 3297 alienam
971 3254 1041 3297 rem
1071 3232 1206 3296 domino

156 3336 303 3412 reddere,
323 3337 366 3400 ad
389 3337 600 3401 interdictum
624 3337 785 3401 uenirent.

103 3468 133 3513 30
202 3460 252 3518 14.
279 3450 395 3503 contra
422 3441 581 3525 Ascyltos
608 3441 700 3523 leges
731 3442 870 3505 timebat
896 3451 930 3504 et
958 3441 1068 3523 ‘quis'
1097 3440 1207 3504 aiebat

157 3544 238 3607 ‘hoc
255 3546 327 3608 loco
344 3565 404 3607 nos
421 3544 523 3620 nouit,
541 3555 598 3608 aut
617 3546 691 3628 quis
716 3545 851 3609 habebit
874 3545 1060 3608 dicentibus
1084 3544 1206 3607 fidem?

156 3647 236 3709 mihi
267 3648 367 3730 plane
398 3648 508 3730 placet
538 3669 658 3739 emere,
686 3649 839 3731 quamuis
863 3658 1013 3712 nostrum
1040 3647 1092 3725 sit,
1117 3648 1207 3730 quod

235 3761 310 3799 xmo.
323 3761 377 3800 sar.
385 3749 441 3798 -6
