2684 4094
138 245 201 306 118.
329 278 331 282 ι
398 251 609 300 rnxnnaurs
632 251 676 300 or
699 251 825 300 nouxu
849 250 974 299 sanan

233 427 306 490 115.
333 409 485 472 audimus
502 428 650 471 murmur
673 407 841 470 insolitum
860 417 894 470 et
915 407 976 470 sub
993 407 1103 472 diaeta
1118 410 1240 490 magis-

186 514 228 577 tri
259 513 353 595 quasi
383 512 549 594 cupientis
580 512 669 574 exire
699 512 817 574 beluae
847 512 1016 592 gemitum.
1071 514 1243 594 persecuti

186 618 287 700 igitur
309 638 428 679 sonum
452 616 640 678 inuenimus
666 616 868 697 Eumolpum
888 615 1061 678 sedentem
1077 618 1242 680 membra-

186 741 316 803 naeque
342 720 471 802 ingenti
498 740 614 783 uersus
638 720 854 800 ingerentem.
902 720 1010 782 mirati
1034 740 1123 801 erg0,
1149 722 1242 803 quod

148 854 162 901 5
186 825 233 888 illi
255 834 390 887 uacaret
413 823 446 885 in
466 823 587 885 uicinia
610 823 725 886 mortis
749 843 869 905 poema
892 819 1013 899 facere,
1035 824 1242 888 extrahimus

187 930 386 992 clamantem
421 927 639 1008 iubemusque
673 926 796 989 bonam
831 927 953 989 habere
988 938 1142 990 mentem.
1207 940 1242 991 at

186 1033 241 1095 ille
265 1031 495 1113 interpellatus
520 1031 698 1093 excanduit
722 1040 756 1092 et
780 1031 895 1094 ‘sinite
923 1033 993 1093 me'
1018 1031 1125 1113 inquit
1149 1038 1243 1095 ‘sen-

186 1136 325 1199 tentiam
349 1135 501 1216 explere;
533 1135 661 1197 laborat
688 1155 821 1197 carmen
849 1134 883 1197 in
911 1136 997 1197 fine!
1052 1135 1150 1199 inicio
1175 1157 1243 1217 ego

187 1238 373 1321 phrenitico
394 1258 528 1300 manum
552 1237 716 1319 iubeoque
737 1238 859 1302 Gitona
883 1238 1041 1301 accedere
1064 1248 1098 1301 et
1120 1238 1154 1300 in
1179 1249 1245 1302 ter-

136 1372 164 1404 ιο
187 1363 258 1405 ram
273 1343 405 1404 trahere
422 1350 555 1423 poetam
573 1341 777 1423 mugientem

706 1468 722 1503 ἦ

232 1551 294 1613 hoc
318 1569 419 1630 opere
442 1550 577 1612 tandem
598 1548 768 1611 elaborato
787 1569 899 1612 casam
924 1550 1135 1630 piscatoriam
1156 1552 1246 1615 subi-

188 1674 262 1716 mus
288 1662 483 1728 maerentes‚
508 1653 655 1735 cibisque
683 1653 860 1734 naufragio
884 1654 1048 1735 corruptis
1071 1665 1245 1738 utcunque

188 1757 293 1820 curati
316 1757 537 1819 tristissimam
554 1757 725 1836 exegimus
740 1767 882 1819 noctem.
931 1768 1064 1838 postero
1084 1759 1146 1834 die,
1164 1778 1244 1822 cum

189 1880 389 1942 poneremus
416 1860 600 1935 consilium,
625 1860 679 1922 cui
705 1880 766 1922 nos
794 1860 922 1941 regioni
949 1861 1169 1937 crederemus,
1197 1883 1246 1926 re-

138 1994 165 2040 15
190 1975 291 2046 pente
307 1963 404 2026 uideo
421 1983 542 2044 corpus
566 1961 750 2025 humanum
772 1964 1008 2027 circumactum
1032 1965 1097 2028 leui
1117 1966 1245 2029 uertice

189 2068 231 2130 ad
248 2068 325 2130 litus
341 2066 470 2130 deferri.
512 2067 643 2129 substiti
659 2086 739 2147 ergo
755 2067 857 2129 tristis
873 2068 1034 2150 coepique
1051 2069 1245 2133 umentibus

189 2171 292 2234 oculis
309 2170 409 2233 maris
428 2170 528 2233 fidem
547 2170 713 2251 inspicere
728 2180 761 2233 et
779 2171 881 2234 ‘hunc
898 2173 1054 2234 forsitan’
1073 2174 1245 2254 proclamo

191 2275 238 2337 ‘in
256 2275 366 2356 aliqua
388 2283 482 2355 parte
503 2284 665 2336 terrarum
687 2294 804 2337 secura
823 2284 977 2357 expectat
994 2297 1083 2351 uxor,
1101 2278 1243 2340 forsitan

189 2379 325 2460 ignarus
349 2377 556 2460 tempestatis
580 2377 667 2440 filius
690 2388 748 2440 aut
771 2388 882 2459 pater;
907 2379 1021 2460 utique
1038 2380 1169 2461 reliquit
1189 2381 1244 2443 ali-

138 2517 167 2549 20
190 2503 299 2565 quem,
324 2482 377 2545 cui
401 2481 614 2563 proficiscens
638 2482 787 2545 osculum
811 2482 911 2544 dedit.
959 2485 1043 2546 haec
1067 2494 1144 2546 sunt
1168 2504 1245 2547 con-

190 2586 262 2649 silia
279 2586 475 2660 mortalium,
493 2586 576 2647 haec
592 2595 671 2647 uota
690 2605 887 2666 magnarum
905 2586 1151 2667 cogitationum.
1201 2609 1244 2651 en

191 2692 290 2753 homo
312 2688 592 2771 quemadmodum
615 2687 727 2751 natat'
775 2689 884 2752 adhuc
907 2699 1066 2771 tanquam
1091 2691 1243 2772 ignotum

191 2793 364 2868 deflebam,
383 2813 457 2856 cum
477 2792 671 2855 inuiolatum
688 2813 726 2854 os
742 2792 862 2855 fluctus
879 2794 1042 2857 conuertit
1060 2795 1092 2856 in
1109 2804 1243 2871 terram,

182 2897 379 2981 agnouique
395 2896 574 2959 terribilem
592 2896 691 2977 paulo
704 2905 781 2958 ante
794 2905 828 2959 et
844 2897 1086 2978 implacabilem
1102 2899 1243 2961 Licham

138 3033 166 3080 ης
191 3000 331 3083 pedibus
347 3000 429 3062 meis
446 3020 553 3081 paene
570 3000 763 3062 subiectum.
811 3020 878 3063 non
896 3001 988 3063 tenui
1005 3001 1105 3082 igitur
1120 3002 1245 3066 diutius

191 3105 353 3180 lacrimas,
371 3104 471 3167 immo
496 3104 645 3185 percussi
667 3105 768 3167 semel
789 3104 975 3187 iterumque
992 3106 1146 3168 manibus
1169 3128 1245 3188 pec-

191 3219 245 3272 tus
267 3218 300 3270 et
322 3207 391 3271 ‘ubi
414 3228 502 3270 nunc
526 3209 590 3270 est’
613 3207 749 3290 inquam
773 3208 956 3271 ‘iracundia
977 3219 1044 3284 tua,
1063 3209 1120 3271 ubi
1141 3209 1246 3293 impo-

191 3312 296 3376 tentia
319 3312 398 3374 tua?
433 3316 565 3392 'nempe
589 3311 735 3394 piscibus
759 3311 931 3393 beluisque
956 3313 1125 3395 expositus
1147 3335 1193 3390 es,
1212 3326 1246 3378 et

193 3416 248 3498 qui
272 3416 371 3497 paulo
389 3424 466 3478 ante
488 3415 635 3478 iactabas
652 3416 739 3477 uires
756 3415 885 3496 imperii
904 3416 960 3491 tui,
978 3417 1020 3480 de
1036 3426 1104 3479 tam
1121 3438 1246 3499 magna

140 3556 170 3601 30
193 3541 279 3583 naue
306 3540 349 3582 ne
376 3520 521 3582 tabulam
551 3520 685 3601 quidem
713 3520 897 3600 naufragus
925 3522 1037 3584 habes.
1085 3521 1129 3584 ite
1154 3543 1246 3587 nunc

193 3624 358 3699 mortales,
377 3633 410 3685 et
426 3623 555 3704 magnis
572 3623 827 3704 cogitationibus
851 3634 987 3706 pectora
1007 3625 1151 3707 implete.
1200 3626 1246 3691 ite
