2684 4094
600 280 734 331 ssuacn
1159 285 1220 352 127

167 440 319 504 dextrum
347 440 487 502 trahere.
547 436 718 519 quaesisse
746 457 790 513 se,
820 437 913 500 cuius
940 437 1084 501 nationis
1111 449 1218 502 esset:

167 543 380 625 respondisse
407 542 519 605 nescio
547 541 625 623 quid
654 540 847 622 perturbato
872 561 955 603 sono
982 551 1016 603 et
1040 562 1121 605 uoce
1145 563 1220 606 con-

167 649 260 723 lusa;
292 667 359 710 non
387 646 580 727 intellegere
608 665 644 709 se
675 645 821 725 linguam
852 645 933 720 eius,
961 665 1023 708 nec
1056 646 1218 710 Graecum

167 771 241 814 esse
258 771 319 814 nec
339 753 528 813 Romanum
545 769 606 812 nec
623 749 722 811 ullius
739 749 849 829 gentis
865 759 971 812 notae.
1019 760 1090 812 tum
1109 752 1219 832 luppi-

130 889 143 935 5
167 865 218 918 ter
238 855 429 928 Herculem,
453 854 510 935 qui
533 863 639 916 toturn
664 852 778 914 orbem
802 862 965 915 terrarum
990 866 1220 935 pererrauerat

168 969 201 1022 et
224 979 323 1022 nosse
347 957 522 1020 uidebatur
545 976 661 1020 omnes
685 956 846 1032 nationes,
872 957 963 1020 iubet
986 958 1033 1021 ire
1056 968 1089 1021 et
1112 960 1221 1040 explo-

168 1083 250 1138 rare,
268 1082 408 1144 quorum
425 1061 597 1124 hominum
618 1070 714 1124 esset.
762 1070 833 1124 tum
853 1061 1019 1125 Hercules
1043 1063 1149 1144 primo
1173 1084 1220 1125 as-

169 1177 268 1249 pectu
296 1186 376 1229 sane
404 1165 616 1246 perturbatus
643 1174 703 1240 est,
732 1174 770 1227 ut
796 1165 853 1247 qui
879 1165 979 1228 etiam
1010 1187 1078 1230 non
1109 1167 1221 1230 omnia

168 1280 318 1333 monstra
338 1269 492 1333 timuerit.
540 1278 577 1332 ut
600 1269 683 1332 uidit
706 1269 786 1331 noui
809 1269 942 1351 generis
965 1271 1094 1346 faciem,
1112 1271 1221 1334 insoli-

118 1407 146 1439 10
169 1385 239 1438 tum
273 1375 449 1450 incessum,
482 1393 599 1436 uocem
631 1373 753 1436 nullius
783 1374 949 1437 terrestris
979 1374 1131 1438 animalis
1162 1374 1220 1438 sed

169 1478 275 1561 qualis
299 1498 373 1541 esse
392 1478 527 1540 marinis
551 1477 657 1540 beluis
681 1478 775 1553 solet,
793 1498 927 1541 raucam
951 1488 985 1541 et
1007 1478 1219 1560 implicatam,

170 1582 300 1664 putauit
317 1581 379 1644 sibi
394 1581 528 1644 tertium
545 1581 711 1644 decimum
728 1581 877 1644 laborem
897 1581 1038 1645 uenisse.
1085 1582 1222 1665 diligen-

169 1687 234 1749 tius
261 1685 403 1748 intuenti
425 1685 517 1748 uisus
540 1695 592 1748 est
615 1685 710 1767 quasi
733 1685 842 1748 homo.
889 1685 1030 1749 accessit
1052 1686 1165 1769 itaque
1188 1698 1222 1750 et

170 1791 258 1873 quod
274 1790 468 1852 facillimum
485 1789 549 1852 fuit
565 1790 739 1865 Graeculo,
757 1789 821 1853 ait:

121 1978 146 2025 15
257 1941 304 2009 τίς
320 1937 419 2005 πόθεν
434 1939 476 2008 εἷς
493 1937 625 2026 ἀνδρῶν,
642 1936 720 2004 πόθι
736 1963 785 2004 τοι
801 1940 897 2008 πόλις
913 1937 970 2022 ἠδὲ
985 1948 1096 2024 τοκῆες
1105 1970 1115 2017 ,·

171 2103 331 2169 Claudius
358 2103 483 2184 gaudet
510 2122 584 2165 esse
611 2101 676 2164 illic
704 2101 892 2183 philologos
920 2101 1081 2177 homines
1111 2115 1223 2184 sperat

171 2209 320 2271 futurum
347 2207 491 2288 aliquem
519 2205 663 2268 historiis
691 2205 758 2268 suis
783 2205 901 2268 locum.
953 2205 1064 2288 itaque
1091 2216 1125 2269 et
1151 2207 1223 2289 ipse

173 2312 354 2375 Homerico
370 2330 470 2373 uersu
487 2311 665 2374 Caesarem
682 2329 719 2372 se
736 2329 810 2372 esse
826 2309 1019 2390 significans
1035 2310 1099 2374 ait:

258 2458 394 2526 Ἰλιόθεν
408 2487 449 2541 με
463 2458 568 2546 φέρων
584 2459 697 2539 ἄνεμος
714 2458 892 2524 Κικόνεσσι
907 2457 1087 2527 πέλασσεν.

120 2659 149 2690 20
172 2633 244 2687 erat
260 2633 370 2685 autem
387 2642 531 2704 sequens
547 2641 665 2684 uersus
681 2620 798 2696 uerior,
816 2640 922 2702 aeque
939 2620 1159 2686 Homericus:

260 2769 336 2837 ἔνθα
353 2770 379 2836 δ’
395 2771 459 2854 ἐγὼ
474 2772 573 2836 πολιν
588 2768 740 2857 ἔπραθον,
758 2769 868 2835 ὤλεσα
884 2768 911 2834 δ’
927 2771 1050 2840 αὐτούς.

173 2938 205 3000 6.
232 2945 265 2998 et
280 2934 484 3017 imposuerat
502 2933 642 2997 Herculi
658 2932 792 2995 minime
811 2931 918 3007 uafro,
936 2930 999 2994 nisi
1018 2921 1136 2996 fuisset
1160 2935 1224 2997 illic

174 3039 302 3114 Febris,
328 3059 413 3121 quae
440 3038 521 3100 fano
548 3058 608 3100 suo
635 3037 750 3100 relicto
777 3035 848 3099 sola
874 3055 950 3098 cum
981 3035 1037 3099 illo
1067 3048 1223 3100 uenerat:

174 3153 301 3206 ceteros
332 3162 447 3205 omnes
479 3142 559 3204 deos
592 3143 720 3205 Romae
751 3140 937 3223 reliquerat.
993 3139 1090 3204 ‘iste’
1119 3141 1225 3222 inquit

122 3277 151 3324 25
176 3252 285 3310 ‘mera
311 3247 485 3310 mendacia
511 3257 633 3309 narrat.
680 3268 744 3327 ego
768 3247 828 3310 tibi
852 3247 935 3322 dico,
960 3265 1144 3327 quaecum
1168 3245 1223 3307 illo

174 3362 223 3415 tot
246 3351 342 3414 annis
365 3351 448 3413 uixi:
482 3350 662 3432 Luguduni
685 3361 784 3414 natus
808 3361 868 3426 est,
892 3351 1000 3414 Marci
1022 3348 1224 3429 municipem

174 3456 277 3519 uides,
324 3456 412 3537 quod
437 3454 496 3517 tibi
523 3475 631 3528 narro,
657 3455 700 3517 ad
728 3464 857 3518 sextum
885 3455 1050 3517 decimum
1079 3453 1224 3534 lapidem

174 3569 273 3623 natus
304 3568 355 3622 est
386 3579 406 3620 a
431 3559 573 3634 Vienna,
603 3559 718 3622 Gallus
749 3578 937 3639 germanus.
994 3558 1105 3640 itaque
1137 3559 1226 3639 quod

176 3664 309 3728 Gallum
325 3662 437 3726 facere
456 3661 639 3744 oportebat,
659 3663 800 3724 Romam
822 3661 919 3743 cepit.
967 3662 1055 3724 hunc
1079 3681 1143 3740 ego
1166 3661 1234 3722 tihi
