2684 4094
533 726 574 788 V.
615 725 805 789 SENECA

345 893 729 967 moxonommnm
752 917 827 966 n1vr
850 915 993 967 cunvnn

120 1087 184 1140 This
195 1087 247 1140 seir
259 1088 288 1139 in
300 1087 467 1156 Menippean
478 1087 591 1155 foslion
604 1104 637 1138 on
650 1087 690 1139 tlte
703 1087 854 1155 dee'fioation
869 1087 904 1155 of
915 1086 1048 1140 Claudius
1060 1088 1082 1139 is
1094 1088 1222 1140 donbtless

171 1176 210 1226 tle
230 1175 303 1227 worlc
323 1175 358 1244 ⁰s
374 1175 475 1227 Seneca
496 1174 615 1243 referred
636 1183 661 1226 to
682 1175 714 1242 by
733 1174 787 1226 Dio
808 1174 918 1227 Cassius
939 1183 969 1226 a'e
990 1174 1088 1244 levino
1107 1176 1147 1227 lle
1169 1174 1221 1226 title

170 1265 410 1312 ’Δτοκολοκύντωσις
427 1262 503 1331 qiven
523 1261 543 1313 it
559 1262 590 1330 by
606 1261 638 1313 ils
656 1262 750 1314 author
763 1279 794 1314 as
809 1280 826 1314 a
843 1271 896 1315 sort
913 1262 948 1331 os
961 1264 1138 1312 ἀποθανάτισις
1152 1262 1221 1332 (Dio

153 1347 200 1401 ⁴C.
220 1348 281 1401 LX.
301 1349 359 1418 35).
406 1348 474 1401 Itis
494 1349 597 1402 evident
615 1349 669 1400 ilar
689 1349 730 1400 tlte
750 1349 883 1402 narrative
902 1349 924 1401 is
944 1358 987 1402 not
1006 1349 1129 1417 complete
1151 1367 1181 1401 as
1203 1349 1222 1400 ir

170 1438 270 1499 stands,
288 1454 305 1489 a
318 1437 392 1505 final
407 1453 530 1505 panope,
550 1437 577 1487 in
596 1436 679 1489 which
698 1437 737 1488 tle
756 1437 968 1505 metamorphosis
986 1436 1040 1489 into
1057 1453 1074 1488 a
1090 1435 1221 1505 parnplrin

171 1522 194 1575 is
205 1524 346 1587 described,
359 1524 457 1594 liavinp
469 1524 531 1576 been
543 1524 599 1575 lost.

216 1666 245 1710 1.
272 1647 362 1730 Quid
378 1658 489 1710 actum
508 1648 550 1710 sit
568 1647 710 1711 incaelo
728 1656 806 1710 ante
829 1646 917 1710 diem
942 1647 1007 1709 ΙΙΙ.
1025 1646 1099 1710 idus
1123 1647 1221 1711 Octo-

169 1750 238 1814 bris
254 1772 342 1814 anno
361 1773 459 1828 nouo,
476 1751 569 1815 initio
589 1752 714 1815 saeculi
732 1751 924 1826 felicissimi,
943 1751 1018 1813 uolo
1042 1750 1221 1814 memoriae

169 1856 309 1919 tradere.
357 1856 437 1919 nihil
457 1877 518 1920 nec
538 1857 692 1926 offensae
714 1877 777 1920 nec
800 1855 927 1938 gratiae
950 1855 1090 1918 dabitur.
1138 1855 1221 1918 haec

170 1957 217 2022 ita
242 1980 330 2023 uera.
378 1961 405 2023 si
432 1960 506 2043 quis
533 1961 734 2043 quaesiuerit
758 1959 847 2023 unde
875 1959 987 2034 sciam,
1012 1958 1165 2041 primum,
1193 1958 1222 2022 si

132 2091 146 2138 ς
170 2064 316 2140 noluero,
334 2086 400 2127 non
417 2065 636 2146 respondebo.
680 2065 754 2147 quis
770 2074 946 2128 coacturus
962 2064 1035 2127 est?
1073 2083 1136 2144 ego
1153 2062 1221 2127 scio

171 2187 223 2230 me
247 2168 385 2231 liberum
411 2169 547 2244 factum,
571 2189 612 2232 ex
638 2189 704 2250 quo
732 2189 829 2231 suum
856 2167 944 2231 diem
970 2166 1050 2230 obiit
1075 2167 1138 2242 ille,
1164 2166 1220 2248 qui

171 2292 286 2335 uerum
304 2272 515 2354 prouerbium
532 2273 668 2348 fecerat,
686 2282 744 2335 aut
760 2292 873 2354 regem
893 2281 950 2334 aut
972 2272 1103 2335 fatuum
1128 2269 1221 2334 nasci

170 2387 332 2458 oportere.
388 2376 416 2439 si
443 2376 575 2440 libuerit
601 2378 814 2459 respondere,
838 2376 947 2439 dicam
971 2375 1060 2458 quod
1084 2375 1164 2437 mihi
1186 2375 1220 2437 in

170 2480 309 2543 buccam
336 2480 473 2544 uenerit.
527 2480 600 2563 quis
627 2501 776 2563 unquam
803 2480 845 2543 ab
872 2479 1028 2542 historico
1059 2479 1220 2542 iuratores

119 2611 147 2645 ιο
170 2584 301 2665 exegit?
346 2594 458 2648 tamen
486 2583 514 2647 si
541 2604 678 2648 necesse
704 2584 805 2647 luerit
831 2593 1012 2647 auctorem·
1027 2584 1219 2664 producere,

170 2688 320 2770 quaerito
340 2688 382 2750 ab
401 2708 441 2751 eo
464 2687 522 2770 qui
546 2689 727 2752 Drusillam
750 2697 886 2751 euntem
909 2686 942 2749 in
966 2686 1094 2750 caelum
1119 2686 1219 2749 uidit:
1264 2726 1270 2733 -

170 2792 258 2854 idem
275 2791 451 2855 Claudium
467 2792 590 2856 uidisse
606 2813 641 2856 se
658 2793 745 2856 dicet
761 2792 823 2854 iter
839 2791 1019 2854 facientem
1040 2797 1124 2852 ‘nnn
1149 2810 1221 2871 pas-

170 2896 262 2959 sibus
278 2895 414 2978 aequis.’
461 2897 541 2960 uelit
558 2897 648 2971 nolit,
666 2916 804 2960 necesse
826 2905 877 2959 est
893 2894 939 2957 illi
962 2894 1072 2957 omnia
1097 2893 1219 2966 uidere,

170 3020 256 3081 quae
279 2999 312 3062 in
336 3001 429 3063 caelo
454 3011 618 3082 aguntur:
650 3000 786 3082 Appiae
811 2999 885 3062 uiae
913 3008 1046 3062 curator
1069 3007 1129 3072 est,
1155 3017 1221 3078 qua

120 3131 147 3177 15
171 3104 235 3166 scis
250 3113 284 3166 et
299 3104 413 3167 diuum
430 3105 623 3186 Augustum
640 3114 673 3167 et
689 3103 858 3166 Tiberium
877 3104 1054 3167 Caesarem
1075 3101 1115 3162 ad
1140 3101 1220 3162 deos

170 3206 243 3270 isse.
291 3208 380 3271 hunc
397 3208 424 3271 si
440 3208 705 3289 interrogaueris,
724 3207 784 3270 soli
800 3206 966 3268 narrabit:
991 3225 1100 3269 coram
1124 3203 1221 3285 pluri-

170 3309 232 3372 bus
257 3331 428 3393 nunquam
456 3311 595 3374 uerbum
622 3312 731 3374 faciet.
779 3331 856 3373 nam
885 3330 925 3372 ex
949 3330 1015 3391 quo
1040 3309 1073 3371 in
1102 3317 1220 3370 senatu

170 3413 292 3477 iurauit
307 3435 342 3478 se
363 3416 543 3479 Drusillam
565 3415 688 3478 uidisse
706 3416 834 3478 caelum
858 3413 1094 3477 ascendentem
1118 3422 1152 3474 et
1175 3410 1221 3473 illi

170 3537 231 3596 pro
254 3527 322 3579 tam
343 3518 432 3581 bono
451 3519 569 3581 nuntio
585 3539 684 3581 nemo
700 3517 849 3592 credidit,
872 3513 978 3600 [quod
994 3513 1131 3600 uiderit]
1151 3535 1221 3577 uer-

648 3633 694 3682 123
