2684 4094
152 252 212 319 174
412 247 624 297 FRAGMENTS
646 247 692 296 OF
714 247 841 297 ROMAN
864 247 990 296 SATIRE

92 485 97 497 .
199 399 362 470 dieculam
379 405 554 468 sufficiens.
603 426 682 468 nam
698 405 786 487 quod
800 405 923 481 habuit,
942 406 1021 469 dum
1038 408 1143 471 filium
1161 423 1258 474 curat

199 519 381 591 aegrotum,
399 509 607 591 consumpsit
622 519 722 591 atque
742 508 897 573 contriuit
917 512 1035 573 omne'
1083 513 1143 575 sed
1166 515 1257 577 haud

198 612 405 676 immaturius
421 613 545 690 redito;
568 612 645 695 quia
661 633 714 675 me
730 633 868 677 necesse
884 623 935 676 est
950 614 1099 678 indidem
1116 616 1256 680 delitam

199 718 366 780 theatrum
382 717 519 780 deorum
536 717 769 799 frequentare’

161 851 175 898 5
244 837 295 898 17.
322 831 401 884 tunc
423 822 552 906 Psyche
574 821 628 884 uel
649 821 790 884 maxime
815 821 919 884 sensit
942 822 1074 886 ultimas
1098 825 1256 890 fortunas

199 945 285 1000 suaS,
311 935 344 987 et
367 925 556 989 uelamento
584 925 706 988 reiecto
731 926 773 987 ad
802 935 994 1007 promptum
1018 927 1153 991 exitium
1180 950 1256 993 sese

199 1028 353 1109 compelli
370 1027 546 1091 manifeste
566 1027 735 1110 comperit.
784 1028 922 1109 quidni?
967 1050 1053 1112 quae
1072 1031 1141 1094 suis
1164 1033 1257 1113 pedi·

198 1133 260 1195 bus
279 1132 365 1195 ultro
385 1132 428 1194 ad
449 1133 626 1195 Tartarum
650 1152 831 1213 manesque
855 1153 1041 1196 commeare
1065 1147 1254 1217 cogeretur.

199 1256 260 1299 nec
282 1245 436 1299 cunctata
458 1236 581 1299 diutius
605 1236 714 1318 pergit
736 1236 779 1298 ad
804 1237 995 1318 quampiam
1018 1238 1134 1301 turrim
1160 1261 1257 1321 prae·

148 1371 175 1404 10
198 1340 300 1403 altam
316 1340 462 1405 indidem
480 1361 553 1405 sese
570 1342 688 1403 datura
701 1341 915 1423 praecipitem
924 1363 932 1418 ;
955 1342 1002 1406 sic
1014 1342 1102 1407 enim
1116 1345 1256 1409 rebatur

199 1444 240 1507 ad
257 1444 382 1508 inferos
398 1454 489 1508 recta
504 1455 603 1527 atque
620 1445 841 1526 pulcherrime
860 1466 896 1508 se
916 1466 1015 1527 posse
1036 1447 1253 1513 descendere.

199 1549 257 1611 sed
278 1548 376 1611 turris
398 1548 583 1630 prorumpit
602 1548 635 1611 in
656 1569 774 1612 uocem
796 1549 949 1625 subitam,
966 1559 1000 1613 et
1016 1551 1114 1633 ‘quid
1134 1553 1190 1629 te,’
1208 1553 1256 1616 in-

198 1652 277 1734 quit,
293 1652 534 1735 ‘praecipitem
547 1673 565 1715 o
578 1652 714 1728 misella,
727 1653 858 1735 quaeris
871 1653 1085 1736 extinguere?
1103 1656 1255 1740 quidque

198 1755 263 1818 iam
276 1749 457 1819 nouissimo
470 1756 616 1838 periculo
633 1756 803 1839 laborique
819 1756 882 1822 isto
898 1767 1023 1821 temere
1040 1761 1254 1824 succumbis?

148 1889 174 1936 ις
198 1881 285 1936 nam,
303 1860 331 1923 si
350 1860 484 1942 spiritus
504 1881 642 1942 corpore
660 1870 717 1923 tuo
739 1862 842 1924 semel
862 1861 964 1926 fuerit
987 1862 1167 1944 seiugatus,
1189 1866 1254 1931 ibis

198 1966 331 2049 quidem
345 1967 496 2048 profecto
509 1966 551 2028 ad
563 1966 665 2028 imum
677 1967 864 2040 Tartarum,
878 1967 937 2030 sed
950 1965 1027 2031 inde
1043 1967 1134 2031 nullo
1151 1982 1254 2051 pacto

197 2072 303 2135 redire
314 2066 446 2153 poteris.
463 2093 464 2096 ¹
484 2071 568 2134 Mihi
578 2071 736 2134 ausculta.
793 2073 845 2136 18.
865 2071 1083 2148 Lacedaemo,
1096 2073 1253 2139 Achaiae

197 2177 316 2240 nobilis
335 2178 461 2253 ciuitas,
479 2199 546 2243 non
570 2178 671 2259 longe
695 2179 757 2242 sita
780 2190 839 2243 est.
887 2180 984 2243 huius
1008 2182 1252 2246 conterminam

197 2280 302 2343 deuiis
319 2281 465 2344 abditam
478 2281 558 2345 locis
571 2303 694 2364 quaere
707 2285 906 2347 Taenarum.
951 2284 1032 2347 inibi
1044 2284 1252 2366 spiraculum

144 2413 173 2444 ω
199 2384 286 2448 Ditis
305 2395 339 2447 et
358 2406 417 2466 per
441 2396 553 2466 portas
577 2385 706 2449 hiantes
730 2398 933 2451 monstratur
956 2387 1018 2450 iter
1040 2388 1177 2464 inuium,
1197 2391 1253 2453 cui

196 2498 229 2552 te
245 2490 347 2554 limite
360 2500 563 2554 transmeato
579 2491 676 2554 simul
689 2492 901 2567 commiseris,
915 2492 980 2554 ianr
993 2492 1109 2556 canale
1122 2492 1252 2558 directo

196 2614 318 2675 perges
334 2594 376 2656 ad
392 2594 498 2676 ipsam
516 2594 596 2659 Orci
612 2595 745 2676 regiam.
795 2596 853 2658 sed
872 2616 939 2658 non
959 2597 1121 2659 hactenus
1140 2618 1252 2661 uacua

196 2697 332 2760 debebis
357 2718 417 2780 per
441 2698 513 2761 illas
536 2698 692 2762 tenebras
716 2699 879 2774 incedere,
897 2700 956 2762 sed
980 2699 1066 2763 offas
1091 2700 1251 2782 polentae

196 2802 303 2864 mulso
327 2811 499 2865 concretas
523 2802 684 2865 ambabus
707 2812 839 2885 gestare
867 2803 1029 2878 manibus,
1055 2812 1089 2866 at
1115 2803 1149 2867 in
1174 2805 1251 2887 ipso

143 2930 170 2977 25
195 2925 252 2967 ore
283 2905 365 2968 duas
396 2907 484 2969 ferre
515 2906 627 2988 stipes.
684 2906 815 2989 iamque
846 2908 1001 2971 confecta
1031 2908 1121 2970 bona
1151 2919 1251 2988 parte

195 3009 386 3072 mortiferae
401 3009 475 3073 uiae
492 3009 739 3074 continuaberis
757 3009 911 3073 claudum
931 3011 1060 3073 asinum
1080 3011 1250 3092 lignorum

122 3151 124 3154 ⁴
195 3114 346 3193 gerulum
371 3133 446 3176 curn
470 3133 617 3194 agasone
641 3113 747 3189 simili,
765 3113 821 3195 qui
843 3124 877 3176 te
904 3114 1036 3195 rogabit
1062 3114 1251 3179 decidentis

195 3216 344 3280 sarcinae
358 3216 531 3279 fusticulos
544 3217 672 3298 aliquos
685 3216 835 3299 porrigas
849 3217 888 3280 ei.
929 3218 987 3281 sed
1003 3228 1040 3280 tu
1056 3218 1147 3281 nulla
1162 3239 1249 3282 uoce

195 3306 393 3402 deprompta
408 3320 509 3383 tacita
528 3321 715 3402 praeterito.
763 3341 825 3383 nec
845 3341 946 3396 mora,
963 3341 1039 3384 cum
1059 3321 1101 3384 ad
1120 3322 1248 3385 flumen

137 3451 171 3496 ,3ο
194 3433 359 3486 mortuum
382 3423 505 3498 uenies,
523 3424 576 3486 cui
597 3424 788 3505 praefectus
811 3425 944 3488 Charon
967 3435 1126 3506 protenus
1150 3445 1250 3507 expe-

193 3534 268 3589 tens
299 3526 481 3609 portorium
514 3527 559 3590 sic
591 3528 632 3589 ad
660 3527 766 3609 ripam
794 3528 982 3591 ulteriorem
1010 3527 1099 3591 sutili
1125 3529 1249 3592 cumba

193 3629 327 3693 deducit
353 3639 587 3694 commeantes.
643 3651 724 3712 ergo
751 3639 785 3693 et
814 3631 899 3694 inter
929 3641 1076 3696 mortuos
1107 3632 1249 3696 auaritia
