2684 4094
140 232 202 292 144
402 224 612 272 rnumms
632 224 680 272 or
700 223 829 271 noum·
850 223 978 271 sassRE

189 381 345 443 maritum
375 401 487 443 meum
518 381 643 443 uidere
702 379 784 461 quid
816 379 948 452 differri
977 377 1062 459 quid
1095 379 1255 442 detrecto

190 485 390 549 uenientem.
412 485 472 565 qui
492 485 596 545 totius
616 484 708 545 orbis
727 484 829 545 exitio
850 493 950 544 natus
970 483 1068 544 est?

234 607 289 666 35.
320 589 368 650 sic
406 589 539 668 prolata
576 588 672 667 uirgo
707 588 877 660 conticuit,
914 587 1142 669 ingressuque
1185 591 1252 652 iam

190 692 302 754 ualido
325 711 469 772 pompae
492 692 608 772 populi
631 691 864 772 prttsequentis
887 710 962 752 sese
985 691 1130 754 miscuit
1186 695 1254 756 itur

153 826 169 872 ς
191 797 234 857 ad
260 796 478 857 constitutum
502 795 677 875 smpulum
701 795 826 856 montis
847 794 953 868 ardui,
976 795 1073 857 cuius
1097 797 1134 859 in
1165 819 1253 860 sum-

192 920 248 960 mo
267 899 440 960 cacumine
457 912 617 959 statutam
636 899 783 979 puellam
799 899 913 960 cuncti
931 899 1101 974 deserunt,
1120 904 1253 964 taedas

191 1023 258 1084 que
280 1003 448 1082 nuptiales
466 1002 589 1082 quibus
609 1003 842 1082 praeluxerant
861 1002 985 1064 ibidem
1007 1003 1158 1067 lacrimis
1182 1011 1253 1069 suis

192 1106 356 1167 extinctas
384 1106 611 1186 relinquentes
639 1106 778 1168 deiectis
807 1106 974 1187 capitibus
1003 1107 1252 1172 domuitionem

193 1201 322 1290 parant
381 1222 415 1270 et
441 1209 553 1270 miseri
578 1209 713 1290 quidem
740 1222 898 1290 parentes
923 1210 996 1272 eius
1024 1221 1122 1273 tanta
1154 1215 1254 1277 clade

142 1344 172 1376 10
193 1313 327 1385 defessi,
340 1313 474 1374 clausae
489 1312 611 1374 domus
625 1313 771 1375 abstrusi
785 1314 942 1388 tenebris,
956 1325 1144 1395 perpetuae
1161 1319 1255 1380 nocti

194 1436 269 1478 sese
286 1416 453 1477 dedidere.
500 1417 654 1499 Psychen
676 1431 790 1479 autem
813 1430 995 1498 pauentem
1017 1439 1057 1480 ac
1080 1422 1256 1501 trepidan-

193 1530 262 1582 tem
292 1531 328 1582 et
356 1520 391 1581 in
421 1520 496 1600 ipso
525 1521 655 1600 scopuli
684 1521 809 1583 uertice
835 1521 1025 1596 deflentem,
1048 1523 1142 1586 mitis
1170 1546 1257 1588 aura

195 1624 338 1686 molliter
366 1624 525 1703 spirantis
555 1625 713 1707 Zephyri,
740 1625 879 1687 uibratis
905 1625 984 1688 hinc
1009 1626 1088 1689 inde
1119 1627 1257 1692 laciniis

194 1739 230 1789 et
251 1727 368 1789 reflato
394 1728 468 1788 sinu
495 1728 620 1789 sensim
647 1729 802 1801 leuatam,
825 1730 897 1790 solo
922 1730 1102 1811 tranquillo
1129 1734 1256 1812 spiritu

144 1861 172 1906 15
195 1832 324 1893 uehens
347 1831 509 1910 paulatim
531 1852 593 1911 per
612 1831 740 1893 deuexa
764 1832 858 1911 rupis
879 1833 1031 1896 excelsae
1053 1834 1153 1896 uallis
1179 1838 1258 1899 sub

195 1935 284 1997 ditae
303 1933 451 1996 florentis
469 1935 604 2014 cespitis
622 1936 749 2015 gremio
766 1935 886 1998 leniter
903 1936 1077 2020 delapsam
1096 1940 1254 2005 reclinat.

634 2193 745 2255 Liar-:n
766 2194 809 2256 V.

241 2370 272 2413 1.
306 2351 435 2434 Psyche
469 2350 593 2412 teneris
627 2361 660 2411 et
695 2350 846 2413 herbosis
879 2350 961 2415 locis
994 2350 1029 2414 in
1062 2352 1137 2435 ipso
1176 2367 1256 2422 toro

195 2455 316 2517 roscidi
342 2455 502 2535 graminis
528 2474 631 2516 suane
655 2453 828 2528 recubans,
852 2465 946 2517 tanta
971 2456 1094 2520 mentis
1121 2470 1256 2540 pertur-

195 2558 329 2621 batione
359 2558 484 2632 sedata,
516 2558 613 2621 dulce
644 2558 842 2638 conquieuit.
903 2559 1037 2642 iamque
1070 2561 1255 2628 sufficienti

142 2693 173 2724 ω
195 2672 345 2724 recreata
370 2682 488 2724 somno
514 2662 646 2742 placido
673 2661 817 2742 resurgit
843 2662 963 2725 animo.
1016 2663 1110 2727 uidet
1135 2665 1252 2731 lucum

196 2766 343 2848 proceris
372 2775 406 2827 et
436 2765 539 2827 uastis
570 2764 742 2828 arboribus
772 2765 956 2842 consitum;
993 2766 1086 2830 uidet
1116 2769 1252 2835 fontem

196 2870 302 2932 uitreo
325 2869 422 2931 latice
446 2867 651 2949 perlucidum
675 2868 784 2930 medio
807 2867 873 2932 luci
896 2870 1087 2934 meditullio.
1142 2893 1252 2956 prope

196 2974 299 3036 fontis
315 2973 488 3054 adlapsum
505 2973 624 3034 domus
639 2973 732 3052 regia
747 2984 807 3046 est,
825 2972 1000 3036 aedificata
1011 2995 1079 3038 non
1092 2976 1251 3042 humanis

196 3077 349 3140 manibus
380 3077 437 3139 sed
469 3076 590 3138 diuinis
621 3076 755 3138 artibus.
817 3077 883 3139 iam
915 3078 1001 3140 scies
1034 3079 1077 3141 ab
1110 3079 1250 3145 introitu

144 3210 172 3257 25
196 3182 303 3264 primo
333 3181 386 3243 dei
416 3180 600 3261 cuiuspiam
631 3178 836 3243 luculentum
863 3191 896 3243 et
924 3202 1101 3245 amoenum
1132 3183 1250 3251 uidere

195 3296 229 3349 te
252 3285 477 3348 diuersorium.
531 3304 607 3345 nam
632 3304 762 3346 summa
784 3285 953 3365 laquearia
978 3287 1060 3349 citro
1087 3296 1121 3351 et
1147 3289 1250 3355 ebore

196 3390 325 3453 curiose
342 3399 460 3451 cauata
476 3388 619 3449 subeunt
635 3407 756 3450 aureae
772 3388 954 3464 columnae,
970 3391 1115 3471 parietes
1130 3413 1250 3466 omnes

197 3503 356 3576 argenteo
390 3491 572 3555 caelamine
607 3501 838 3571 conteguntur,
871 3491 986 3555 bestiis
1024 3504 1057 3557 et
1095 3495 1250 3577 setigeris

197 3597 381 3682 pecudibus
416 3594 665 3659 occurrentibus
695 3595 738 3658 ob
768 3615 805 3657 os
835 3596 1081 3660 introeuntium.
1145 3600 1250 3666 mirus
