2684 4094
417 269 420 272 ’
469 268 663 334 Psr'nonrv's
685 284 840 334 anciran
1164 293 1203 356 91

119 422 122 429 Ι
150 421 376 523 aggredimur.
425 462 491 504 non
511 441 620 504 minus
636 451 669 504 et
685 442 888 504 Trimalchio
904 442 1066 505 eiusmodi
1083 444 1207 507 metho-

118 554 120 558 ’
156 545 210 609 dio
232 546 340 626 laetus
365 547 512 628 ‘Carpe’
537 545 652 628 inquit.
699 546 861 627 processit
890 546 1001 609 statim
1029 547 1150 611 scissor
1174 560 1206 611 et

156 650 198 712 ad
221 649 455 734 symphoniam
479 649 696 731 gesticulatus
719 649 765 711 ita
789 650 948 712 lacerauit
968 651 1152 727 obsonium,
1171 664 1206 715 ut

117 771 121 776 ·
155 764 291 835 putares
307 753 512 816 essedarium
529 754 689 837 hydraule
702 762 860 816 cantante
874 774 1033 834 pugnare.
1080 755 1207 837 ingere-

115 887 129 933 5
154 858 212 920 bat
235 857 337 919 nihilo
361 857 471 919 minus
494 856 697 919 Trimalchio
723 857 908 920 lentissima
936 878 1036 921 uoce:
1067 860 1205 941 ‘Carpe

155 961 286 1042 Carpe.'
341 981 405 1042 ego
430 960 619 1042 suspicatus
644 961 686 1023 ad
712 960 857 1042 aliquam
886 962 1108 1025 urbanitatem
1135 964 1207 1026 toti-

155 1085 214 1127 ens
247 1064 399 1127 iteratam
432 1084 549 1127 uocem
582 1063 758 1145 pertinere,
791 1086 858 1128 non
892 1066 1009 1136 erubui
1041 1086 1116 1128 eum
1151 1068 1207 1150 qui

155 1189 256 1250 supra
278 1188 330 1230 me
352 1168 579 1243 accumbebat,
603 1169 665 1231 hoc
688 1167 798 1250 ipsum
823 1168 1037 1250 interrogare.
1086 1180 1119 1232 at
1142 1171 1205 1246 ille,

155 1272 211 1355 qui
236 1272 370 1353 saepius
395 1271 557 1334 eiusmodi
584 1271 680 1335 ludos
707 1282 928 1353 spectauerat,
956 1273 1067 1335 ‘uides
1095 1274 1205 1335 illum’

103 1407 130 1439 10
154 1375 261 1459 inquit
285 1375 360 1458 ‘qui
384 1375 559 1438 obsonium
582 1375 707 1456 carpit:
740 1375 872 1456 Carpus
898 1387 1045 1439 uocatur.
1082 1377 1206 1460 ,itaque
1235 1373 1239 1381 '

155 1480 417 1562 quotiescunque
448 1478 527 1541 dicit
558 1483 576 1510 “
590 1479 730 1562 Carpe,'’
762 1479 880 1543 eodem
912 1480 1014 1543 uerbo
1046 1491 1080 1543 et
1110 1492 1208 1544 uocat

154 1592 188 1647 et
210 1583 373 1666 imperat!

104 1808 257 1877 Encolpius,
276 1808 375 1878 havinp
392 1808 511 1878 satisfieri
527 1808 567 1861 his
586 1808 706 1877 appetite,
725 1817 779 1878 pets
799 1826 867 1862 some
887 1809 1057 1878 information
1072 1809 1148 1879 from
1168 1812 1207 1863 the

152 1905 228 1966 puest
239 1903 299 1948 neat
311 1896 363 1949 him
375 1897 534 1966 concerniny
544 1895 712 1959 Trimalchio,
722 1896 762 1948 his
775 1896 835 1965 wife
848 1896 1005 1960 Fortunata,
1017 1899 1072 1949 ancl
1084 1899 1124 1949 the
1137 1899 1208 1950 other

152 1993 246 2052 queste,
261 2001 329 2045 some
347 1983 382 2052 of
394 1984 475 2036 whom
491 2001 538 2036 are
554 1984 610 2036 also
627 1983 682 2035 rich
694 1983 845 2052 freedmen.
887 1983 1048 2036 Trimalchio
1067 1985 1208 2053 interrupte

154 2071 213 2122 with
232 2088 300 2122 some
319 2071 418 2141 urbane
437 2071 571 2123 discourse
589 2070 668 2122 ahout
685 2071 848 2139 ‘philolopyl
888 2071 945 2123 The
963 2080 1023 2123 next
1041 2090 1132 2124 course
1150 2073 1172 2124 is
1191 2091 1207 2124 a

153 2157 217 2209 wihl
234 2158 305 2219 haar,
322 2159 426 2209 ronsted
444 2158 532 2221 whole,
549 2158 604 2208 ond
616 2157 696 2225 filled
714 2157 773 2209 with
793 2158 842 2209 lice
860 2159 984 2221 thrushes,
1005 2158 1086 2211 which
1101 2159 1146 2228 fly
1165 2169 1208 2212 out

140 2312 143 2316 Δ
154 2245 225 2296 when
238 2245 278 2296 the
290 2244 488 2313 hunlinp-hnq'se
500 2261 579 2312 opens
592 2244 632 2296 the
645 2260 702 2311 way
712 2243 763 2312 sor
775 2245 849 2296 them.
887 2245 910 2296 A
928 2245 1057 2313 beautiful
1069 2247 1139 2297 slave
1152 2246 1207 2313 hay,

115 2342 117 2346 ’
154 2333 259 2383 dressed
269 2341 293 2383 to
303 2339 432 2399 represent
444 2327 574 2393 Bacchai,
584 2331 669 2383 hands
682 2332 786 2400 around
798 2349 900 2400 propes,
911 2333 966 2383 and
978 2333 1051 2401 sinps
1065 2333 1092 2384 in
1106 2351 1122 2384 o
1136 2334 1208 2384 clear

152 2418 224 2470 voice
233 2435 310 2486 sonps
320 2419 456 2486 compared
467 2419 499 2486 hy
509 2417 670 2470 Trimalchio
683 2417 792 2487 himself,
804 2420 859 2471 who
872 2421 987 2471 rewards
1000 2421 1051 2471 him
1065 2421 1125 2471 with
1132 2421 1207 2488 free-

153 2506 259 2558 damon
272 2507 392 2575 thespot.
431 2505 461 2560 A
475 2513 622 2573 temporary
637 2505 744 2557 absence
759 2505 794 2573 of
806 2506 846 2557 the
861 2506 916 2557 host
930 2506 1000 2574 pices
1016 2508 1056 2559 the
1070 2517 1156 2575 poesis
1171 2525 1206 2558 an

154 2582 319 2661 opportunity
331 2601 355 2644 to
367 2592 475 2662 indulpe
487 2592 515 2643 in
528 2609 596 2645 some
608 2609 669 2660 very
681 2593 876 2644 characteristic
888 2594 1085 2646 conversation:

145 2728 169 2758 '¹
198 2744 259 2787 nos
285 2723 472 2788 libertatem
496 2722 567 2787 sine
590 2724 847 2809 tyrannonacti
871 2725 1042 2806 coepimus
1066 2726 1206 2788 inuitare

154 2827 372 2892 conuiuarum
388 2848 567 2892 sermones.
616 2829 727 2891 Dama
743 2828 854 2912 itaque
873 2829 998 2910 primus
1019 2850 1093 2892 cum
1118 2840 1207 2912 pata-

102 2963 128 3008 15
154 2932 266 2995 racina
285 2932 503 3015 poposcisset,
522 2932 628 2995 ‘dies'
646 2931 752 3015 inquit
771 2933 868 2995 ‘nihil
887 2943 947 2996 est.
995 2934 1072 2995 dum
1093 2955 1206 2996 versas

153 3047 195 3112 te,
220 3057 286 3100 nox
308 3038 352 3100 fit.
400 3037 511 3119 itaque
536 3037 617 3099 nihil
640 3047 691 3099 est
715 3037 841 3112 melius,
864 3058 965 3120 quam
989 3038 1030 3099 de
1054 3037 1205 3101 cubiculo

154 3145 244 3203 tecta
269 3140 302 3203 in
329 3141 508 3204 triclinium
536 3141 591 3204 ire.
639 3151 673 3204 et
698 3141 858 3202 mundum
886 3140 992 3221 frigus
1019 3141 1204 3203 habuimus

154 3245 210 3306 uix
232 3265 285 3308 me
307 3245 447 3308 balneus
471 3244 612 3309 calfecit.
659 3255 772 3307 tamen
796 3245 892 3307 calda
916 3244 1007 3325 potio
1032 3244 1207 3306 uestiarius

154 3358 213 3412 est.
261 3349 457 3412 Staminatas
473 3349 560 3424 duxi,
579 3359 611 3411 et
629 3349 728 3430 plane
745 3359 854 3411 matus
874 3368 957 3410 sum.
1005 3348 1103 3410 uinus
1127 3348 1207 3410 mihi

101 3483 130 3514 ω
155 3453 187 3514 in
204 3453 376 3517 cerebrum
393 3453 493 3516 abiit.’

92 3565 98 3576 '
197 3576 251 3635 42.
278 3557 409 3639 excepit
433 3558 592 3621 Seleucus
616 3556 750 3618 fabulae
774 3565 904 3637 partem
924 3567 957 3618 et
978 3556 1077 3637 ‘ego’
1101 3555 1207 3638 inquit

77 3703 81 3710 ·
115 3692 117 3696 ·
156 3667 240 3724 ‘non
256 3661 376 3725 cotidie
393 3662 503 3737 lau0r3
528 3659 674 3723 baliscus
691 3660 778 3722 enim
796 3659 879 3722 fullo
902 3669 960 3734 est,
979 3680 1066 3740 aqua
1089 3660 1209 3721 dentes
