2684 4094
490 273 683 326 PETRONIVS
706 274 860 324 ARBITER
1167 276 1221 327 101

175 440 262 497 trum
285 432 428 513 accepit3
458 441 626 515 ‘passeres
650 442 683 495 et
707 432 942 495 muscarium’:
968 451 1067 494 uuam
1091 451 1225 513 passam

175 547 208 600 et
229 537 293 599 mel
313 537 473 600 Atticum.
523 537 707 599 ‘cenatoria
730 545 763 599 et
785 535 965 598 forensia’:
991 535 1101 597 offlam
1125 546 1159 597 et
1181 543 1226 597 ta-

174 640 269 702 bulas
292 640 430 721 accepit.
479 640 613 703 ‘canale
638 650 671 703 et
698 639 853 721 pedale':
885 639 981 719 lepus
1004 647 1038 700 et
1061 637 1152 700 solea
1175 647 1227 700 est

174 743 281 806 allata.
330 750 508 806 ‘muraena
531 753 564 806 et
587 743 713 807 litera':
738 763 865 806 murem
888 762 964 806 cum
987 762 1069 804 rana
1091 741 1226 823 alligata

136 875 150 921 5
174 848 367 930 fascemque
390 848 488 911 betae
504 845 635 931 occepit.
684 847 740 909 diu
764 846 913 910 risimus:
938 855 1095 909 sexcenta
1118 845 1226 907 huius-

175 951 264 1014 modi
280 952 424 1028 fuerunt‚
442 971 527 1034 quae
543 951 608 1014 iam
624 951 818 1014 exciderunt
834 949 1013 1013 memoriae
1029 969 1131 1012 meae.

123 1165 246 1234 Ascyltos
262 1168 318 1219 ond
332 1167 420 1229 Giton,
434 1167 466 1234 by
480 1167 547 1218 tleir
561 1166 678 1218 ill-timed
693 1166 849 1228 meminent,
865 1182 959 1218 arouse
976 1166 1016 1216 tlte
1033 1164 1166 1232 nuperos
1178 1182 1226 1215 one

174 1253 261 1321 ostie
277 1263 371 1322 quesn,
385 1255 440 1307 ulto
457 1254 583 1322 uplnoids
600 1255 666 1305 tlrem
683 1253 711 1304 in
729 1253 850 1322 uiporous
868 1261 953 1304 terms.
992 1251 1049 1303 But
1067 1250 1226 1303 Trimalchio

174 1341 267 1393 cleclcs
280 1343 320 1392 tle
333 1341 460 1409 incipient
475 1341 590 1411 quaml,
603 1342 659 1393 ond
674 1340 822 1392 introduces
839 1339 945 1392 reciters
960 1339 995 1408 os
1006 1338 1113 1401 Homer,
1126 1355 1174 1391 one
1191 1337 1226 1406 of

175 1428 254 1479 whom
267 1428 347 1496 plays
359 1429 399 1480 tlte
411 1429 473 1479 mod
487 1427 511 1478 A
511 1429 565 1497 jux
577 1427 606 1479 in
619 1427 735 1480 realistic
746 1427 867 1495 soshion.
905 1425 996 1478 Fruits
1012 1427 1068 1477 ond
1084 1424 1163 1477 calces
1179 1441 1225 1477 ore

173 1517 271 1576 serued,
287 1516 343 1566 and
359 1516 418 1567 then
435 1532 483 1566 one
500 1514 535 1583 of
547 1515 587 1566 tle
604 1523 700 1584 priests,
716 1513 837 1577 Niceros,
854 1514 911 1565 tells
929 1530 946 1565 α
964 1521 1034 1580 story
1048 1512 1083 1580 os
1095 1529 1112 1564 a
1129 1511 1227 1564 soldier

175 1603 228 1654 nlo
246 1603 365 1670 chonperl
383 1602 492 1670 himself
505 1602 558 1655 into
575 1618 591 1653 a
609 1601 678 1670 wolfi
692 1602 748 1653 und
764 1600 923 1653 Trimalchio
935 1600 1042 1669 follows
1060 1600 1118 1651 with
1137 1616 1154 1651 o
1173 1601 1225 1651 tole

174 1689 209 1757 of
220 1688 329 1759 strigae.
368 1688 482 1741 Furtlrer
495 1689 666 1759 stopytellinp
681 1688 704 1741 is
719 1689 877 1758 superseded
892 1688 925 1756 hp
938 1704 975 1739 on
991 1687 1146 1756 impromptu
1165 1687 1226 1755 dop-

172 1775 260 1844 fipltl:

217 1887 271 1951 61.
297 1895 474 1968 postquam
497 1905 578 1967 ergo
599 1905 716 1948 omnes
733 1885 856 1948 bonam
873 1893 1020 1947 mentem
1035 1884 1225 1966 bonamque

173 1989 390 2053 ualitudinem
424 1989 488 2052 sibi
520 1999 688 2071 optarunt,
719 1988 922 2052 Trimalchio
956 1988 999 2051 ad
1033 1988 1224 2051 Nicerotem

172 2093 318 2175 respexit
341 2103 375 2156 et
399 2093 566 2156 ‘solebas’
591 2093 699 2175 inquit
722 2092 876 2157 ‘suauius
899 2112 974 2155 esse
994 2092 1028 2154 in
1049 2091 1223 2168 conuictu;

122 2227 149 2260 10
173 2197 286 2261 nescio
310 2197 390 2279 quid
413 2216 501 2260 nunc
525 2206 617 2260 taces
640 2216 702 2260 nec
724 2196 847 2260 muttis.
895 2205 1011 2271 orote,
1029 2195 1075 2259 sic
1092 2195 1224 2258 felicem

174 2321 226 2363 me
253 2301 378 2376 uideas,
402 2321 502 2363 narra
528 2300 608 2363 illud
631 2300 720 2382 quod
747 2300 807 2363 tibi
834 2320 896 2363 usu
924 2299 1035 2363 uenit’
1084 2298 1224 2362 Niceros

173 2406 358 2469 delectatus
381 2404 578 2468 affabilitate
601 2403 699 2467 amici
718 2410 835 2467 ‘omne
858 2402 929 2466 me'
950 2403 1058 2485 inquit
1077 2403 1223 2466 ‘lucrum

173 2518 329 2586 transeat,
353 2509 419 2572 nisi
441 2509 507 2571 iam
530 2508 656 2572 dudum
681 2507 896 2590 gaudimonio
921 2506 1056 2582 dissilio‚
1077 2506 1166 2588 quod
1190 2515 1224 2569 te

173 2614 273 2676 talem
298 2613 405 2676 uideo
452 2613 563 2694 itaque
587 2611 704 2674 hilaria
727 2631 819 2674 mera
842 2611 918 2687 sint,
935 2610 998 2674 etsi
1021 2610 1121 2673 timeo
1142 2609 1223 2672 istos

123 2746 149 2792 ις
174 2717 399 2792 scholasticos,
416 2736 460 2779 ne
479 2735 532 2779 me
551 2715 689 2779 rideant.
736 2715 900 2778 uiderint:
926 2714 1069 2777 narrabo
1090 2723 1222 2788 tamen3

173 2821 253 2902 quid
276 2816 365 2883 enim
384 2819 465 2883 mihi
479 2819 598 2894 aufert,
616 2819 673 2901 qui
688 2819 796 2882 ridet?
820 2818 925 2882 satius
941 2827 992 2881 est
1008 2817 1107 2880 rideri
1123 2838 1222 2898 quam

65 2940 87 2958 ”
173 2924 335 2988 derideri.’
381 2924 482 2988 ‘haec
498 2922 556 2986 ubi
570 2923 659 2987 dicta
674 2921 786 2998 dedit,’
804 2922 905 2985 talem
922 2920 1070 2985 fabulam
1087 2941 1224 2983 exorsus

173 3039 243 3092 est:

218 3139 312 3197 ‘cum
336 3132 445 3195 adhuc
469 3131 638 3206 seruirem,
657 3130 889 3194 habitabamus
912 3129 946 3192 in
970 3129 1044 3193 uico
1060 3138 1222 3211 angusto;

121 3268 150 3300 ω
174 3257 262 3299 nunc
294 3235 446 3301 Gauillae
477 3235 596 3298 domus
626 3243 686 3297 est.
735 3233 789 3309 ibi,
822 3233 988 3316 quomodo
1019 3232 1065 3295 dii
1097 3233 1222 3307 uolunt,

174 3360 286 3403 amare
309 3339 406 3421 coepi
428 3358 564 3402 uxorem
583 3337 732 3402 Terentii
747 3337 903 3419 coponis:
928 3336 1095 3399 noueratis
1113 3335 1224 3398 Melis-

174 3464 245 3507 sam
268 3443 495 3518 Tarentinam,
518 3442 777 3524 pulcherrimum
800 3440 1029 3504 bacciballum.
1077 3439 1136 3502 sed
1159 3459 1223 3521 ego

174 3569 241 3611 non
265 3546 472 3611 mehercules
496 3545 711 3627 corporaliter
726 3544 817 3606 illum
833 3554 890 3607 aut
906 3552 1042 3625 propter
1058 3563 1111 3606 res
1127 3562 1225 3605 uene-

174 3653 240 3716 rias
264 3651 387 3725 curaui‚
405 3651 465 3713 sed
488 3649 595 3731 magis
619 3649 708 3731 quod
731 3648 818 3711 bene
837 3657 965 3710 morata
981 3646 1052 3709 fuit.
1101 3645 1224 3728 siquid
