2684 4094
586 285 757 347 navemus
1136 299 1140 319 =
1164 278 1220 357 165

171 452 205 506 et
220 443 293 506 ilico
310 443 421 525 dirigit
440 444 577 512 citatum
602 443 753 523 gradum,
771 463 871 528 quem
896 443 1065 506 defectum
1086 464 1222 525 prorsus

171 546 318 609 adsiduis
349 546 516 610 laboribus
547 567 624 627 spes
656 546 813 609 incitabat
845 557 879 610 et
909 557 1031 609 uotum.
1089 547 1221 630 iamque

170 650 300 713 nauiter
315 650 459 713 emensis
475 648 668 714 celsioribus
684 649 770 730 iugis
782 650 1011 732 puluinaribus
1028 671 1101 714 sese
1117 652 1222 733 proxi·
1285 724 1289 728 .

171 775 259 816 mam
290 754 407 817 intulit.
454 754 547 816 uidet
577 754 686 836 spicas
713 753 948 817 frumentarias
978 754 1011 817 in
1038 775 1158 818 aceruo
1189 766 1222 819 et

133 889 147 935 5
171 858 252 921 alias
275 857 398 920 flexiles
421 858 455 920 in
478 878 619 934 corona;
648 867 682 920 et
706 857 816 939 spicas
840 858 957 920 hordei
980 859 1079 921 uidet.
1126 869 1222 922 erant
1314 871 1316 874 ’

171 971 204 1025 et
220 962 333 1037 falces,
347 972 380 1025 et
396 961 519 1044 operae
535 961 713 1024 messoriae
731 962 875 1024 mundus
892 962 1008 1039 omnis,
1026 963 1085 1025 sed
1102 973 1221 1026 cuncta

172 1065 295 1148 passim
325 1065 467 1129 iacentia
493 1076 527 1128 et
553 1065 680 1128 incuria
704 1066 845 1128 confusa
871 1076 913 1140 et,
943 1076 979 1128 ut
1005 1067 1098 1142 solet,
1127 1076 1221 1130 aestu

171 1168 392 1232 laborantium
423 1168 576 1232 manibus
607 1169 762 1251 proiecta.
815 1170 897 1233 haec
929 1170 1061 1250 singula
1092 1172 1220 1256 Psyche

171 1273 299 1337 curiose
322 1273 448 1351 diuidit,
465 1284 499 1337 et
522 1273 690 1337 discretim
714 1284 841 1337 remota
864 1274 925 1336 rite
953 1276 1131 1356 componit,
1149 1286 1221 1339 rata

120 1408 148 1440 ιο
171 1377 296 1441 scilicet
322 1377 444 1441 nullius
470 1378 524 1441 dei
551 1379 631 1441 fana
661 1397 699 1438 oc
728 1377 945 1441 caerimonias
976 1379 1154 1461 neglegere
1185 1401 1221 1443 se

171 1481 302 1557 debere,
316 1482 374 1544 sed
391 1482 538 1545 omnium
554 1480 742 1544 beniuolam
759 1481 1018 1545 misericordiam
1034 1503 1218 1564 corrogare.

215 1603 247 1648 2.
281 1586 363 1649 haec
401 1605 475 1649 eam
513 1585 651 1649 sollicite
689 1586 870 1668 seduloque
908 1596 1079 1649 curantem
1118 1588 1221 1651 Ceres

172 1690 259 1752 alma
285 1689 515 1773 deprehendit,
543 1699 578 1752 et
604 1689 742 1771 longum
769 1690 932 1753 exclamat
960 1691 1121 1773 protinus,
1148 1693 1219 1768 ‘ah,

171 1802 207 1855 tu
233 1794 361 1878 Psyche
387 1793 594 1871 miseranda!
626 1803 732 1858 totum
756 1814 816 1876 per
843 1793 956 1858 orbem
980 1796 1096 1859 Venus
1124 1796 1221 1858 anxia

121 1925 147 1972 ις
172 1897 400 1979 disquisitione
416 1907 510 1961 tuum
526 1898 703 1980 vestigium
720 1899 835 1961 furens
848 1898 949 1961 animi
962 1899 1106 1981 requirit,
1121 1909 1220 1982 teque

171 2009 205 2064 at
231 2010 414 2064 extremum
442 2002 642 2083 supplicium
670 2002 804 2084 expetit,
829 2013 863 2066 et
889 2003 967 2066 totis
995 2003 1139 2065 numinis
1170 2004 1221 2067 sui

139 2118 142 2124 ·
171 2105 296 2169 uiribus
313 2106 471 2169 ultionem
488 2106 623 2189 flagitat.
671 2117 708 2169 tu
729 2127 810 2170 uero
834 2127 944 2169 rerum
969 2128 1117 2170 mearum
1138 2119 1221 2171 tute-

172 2211 237 2273 lam
259 2231 350 2274 nunc
373 2211 470 2293 geris,
488 2222 522 2275 et
545 2212 633 2274 aliud
657 2212 834 2294 quicquam
858 2212 994 2292 cogitas,
1013 2212 1076 2275 nisi
1098 2213 1140 2275 de
1162 2223 1221 2275 tua

172 2312 318 2377 salute?'
369 2325 448 2378 tunc
481 2316 609 2400 Psyche
640 2316 743 2397 pedes
774 2316 845 2379 eius
876 2316 1034 2379 aduoluta
1064 2326 1097 2379 et
1127 2317 1221 2379 uberi

119 2447 148 2478 ω
171 2418 251 2480 fletu
278 2419 391 2500 rigans
414 2420 497 2483 deae
520 2419 663 2500 uestigia
686 2421 891 2502 humumque
915 2440 1051 2483 uerrens
1074 2420 1220 2484 crinibus

171 2522 248 2598 suis,
266 2523 446 2605 multiiugis
463 2522 617 2605 precibus
635 2523 732 2586 editis
751 2523 884 2586 ueniam
907 2524 1116 2604 postulabat:
1143 2529 1221 2605 ‘per

170 2646 234 2707 ego
259 2637 292 2689 te
316 2627 513 2709 frugiferam
536 2637 627 2689 tuam
652 2628 821 2690 dexteram
844 2627 942 2690 istam
967 2628 1135 2709 deprecor,
1160 2648 1221 2708 per

171 2729 329 2792 laetificas
348 2731 505 2793 messium
526 2730 752 2806 caerimonias,
771 2751 830 2813 per
852 2731 953 2793 tacita
976 2741 1104 2794 secreta
1127 2731 1221 2794 cista-

171 2853 252 2909 rum,
273 2844 306 2896 et
328 2854 387 2915 per
406 2834 605 2897 famulorum
629 2844 762 2898 tuorum
786 2834 965 2897 draconum
990 2835 1129 2915 pinnata
1152 2855 1222 2897 cur-

119 2966 146 3010 23
170 2937 282 3012 ricula,
300 2947 333 3000 et
351 2937 469 3018 glebae
489 2937 620 3003 Siculae
640 2938 831 3013 sulcamina,
849 2948 882 3000 et
901 2959 1034 3000 currum
1054 2958 1218 3020 rapacem,

171 3050 204 3102 et
230 3051 351 3103 terram
377 3052 539 3117 tenacem,
564 3052 598 3104 et
627 3041 862 3104 inluminarum
893 3042 1110 3123 Proserpinae
1141 3042 1221 3104 nub-

170 3144 290 3207 tiarum
318 3146 520 3220 demeacula,
547 3155 581 3208 et
607 3145 845 3207 luminosarum
873 3146 959 3208 filiae
990 3146 1219 3208 inuentionum

170 3250 365 3324 remeacula,
383 3259 416 3312 et
433 3259 544 3312 cetera
560 3269 645 3330 quae
662 3249 793 3312 silentio
809 3249 892 3331 tegit
906 3250 1072 3312 Eleusinis
1086 3249 1220 3312 Atticae

171 3353 368 3428 sacrarium;
393 3353 600 3416 miserandae
622 3353 768 3437 Psyches
793 3353 931 3428 animae,
950 3354 1108 3434 supplicis
1132 3362 1218 3427 tuae,

117 3485 147 3530 30
170 3456 322 3519 subsiste.
369 3456 454 3520 inter
480 3456 578 3519 istam
605 3456 772 3538 spicarum
799 3456 988 3536 congeriem
1021 3466 1136 3537 patere
1167 3456 1220 3517 uel

170 3561 330 3641 pauculos
350 3560 421 3623 dies
440 3560 641 3634 delitescam,
660 3560 748 3642 quod
768 3560 851 3622 deae
866 3570 979 3622 tantae
1000 3560 1153 3622 saeuiens
1173 3560 1221 3621 ira

170 3664 278 3746 spatio
296 3663 456 3749 temporis
478 3664 655 3748 mitigetur,
673 3664 728 3726 uel
750 3674 839 3728 certe
864 3684 958 3727 meae
981 3664 1069 3728 uires
1092 3663 1221 3728 diutino
