2684 4094
486 278 682 337 emnomvs
705 279 860 328 huenen
1184 271 1226 349 83

122 482 125 486 -
172 435 260 500 enim
291 456 344 500 res
374 447 513 512 tantum,
546 457 631 519 quae
662 436 863 510 uiderentur,
895 436 929 498 in
964 435 1225 498 controuersiam

171 561 254 617 esse,
272 541 331 604 sed
348 542 447 622 longe
468 541 558 603 aliud
577 540 700 623 quaeri,
719 539 803 622 quod
826 540 859 601 in
884 549 1025 621 utraque
1049 533 1144 620 part'e
1168 539 1226 601 sci-

173 645 248 707 licet
265 644 427 708 latrocinii
444 645 589 725 suspicio
610 644 796 706 haberetur.
845 643 909 704 iam
932 643 1096 724 sequestri
1120 643 1226 723 place-

117 762 120 767 ’
171 749 261 824 bant,
276 760 309 812 et
325 749 438 811 nescio
455 749 527 830 quis
544 768 584 810 ex
600 747 801 823 cocionibus
816 748 942 822 caluus,
956 746 1225 809 tuberosissimae

133 880 147 927 5
172 853 300 928 frontis,
319 853 375 935 qui
394 852 522 916 solebat
542 852 720 934 aliquando
744 851 843 914 etiam
867 871 985 913 causas
1010 870 1119 930 agere,
1137 850 1226 912 inva-

172 967 260 1020 serat
285 957 421 1038 pallium
449 956 738 1037 exhibiturumque
769 955 913 1018 crastino
944 954 997 1016 die
1028 953 1223 1016 affirmabat.

172 1070 319 1123 ceterum
352 1060 538 1142 apparebat
572 1059 654 1121 nihil
688 1059 777 1121 aliud
812 1058 927 1141 quaeri
960 1057 1024 1120 nisi
1055 1067 1092 1120 ut
1122 1057 1226 1119 semel

172 1164 324 1245 deposita
347 1164 449 1227 vestis
476 1164 563 1227 inter
590 1163 777 1245 praedones
805 1162 1078 1242 strangularetur,
1105 1171 1139 1224 et
1164 1181 1227 1223 nos

173 1278 263 1330 metu
280 1268 426 1331 criminis
442 1289 509 1331 non
526 1267 716 1330 ueniremus
733 1267 776 1330 ad
792 1266 1019 1330 constitutum.
1044 1342 1046 1346 y
1144 1341 1148 1348 ⁴

122 1475 149 1506 10
216 1443 305 1526 idem
321 1444 420 1524 plane
436 1452 470 1504 et
485 1462 547 1505 nos
563 1441 766 1505 nolebamus.
805 1440 918 1531 itaque
933 1434 1106 1523 utriusque
1123 1425 1226 1524 partis
1327 1435 1330 1442 ⁴

173 1558 288 1611 uotum
315 1567 412 1610 casus
440 1546 574 1609 adiuuit.
622 1545 930 1627 indignatusenim
957 1544 1108 1620 rusticus,
1137 1544 1226 1627 quod

175 1672 235 1715 nos
261 1660 438 1714 centonem
465 1650 690 1713 exhibendum
717 1649 972 1730 postularemus,
1001 1648 1089 1710 misit
1116 1648 1150 1710 in
1180 1648 1226 1709 la-

174 1755 258 1818 ciem
275 1746 411 1838 Ascylti
423 1753 570 1817 tunicam
587 1763 620 1816 et
636 1753 793 1822 liberatos
809 1752 956 1834 querella
975 1751 1070 1815 iussit
1088 1751 1226 1833 pallium

175 1860 351 1939 deponere,
369 1858 459 1940 quod
475 1858 582 1921 solum
599 1856 691 1919 litem
706 1857 852 1920 faciebat
972 1842 974 1846 ⁸

692 1991 709 2027 Ι

123 2112 148 2157 15
218 2093 251 2146 et
266 2091 472 2163 recuperata,
490 2091 526 2143 ut
542 2082 752 2162 putabamus,
769 2081 928 2143 thesauro
944 2080 977 2143 in
1000 2079 1225 2143 deuersorium

175 2185 372 2268 praecipites
389 2185 518 2248 abimus
534 2185 783 2266 praeclusisque
803 2184 931 2247 foribus
955 2183 1062 2246 ridere
1085 2202 1226 2245 acumen

109 2302 125 2342 ἢ
175 2311 241 2353 non
273 2289 381 2352 minus
412 2288 586 2352 cocionum
616 2304 717 2370 quam
744 2288 1018 2350 calumniantium
1045 2286 1225 2369 coepimus

175 2394 264 2476 quod
280 2392 376 2456 nobis
392 2392 522 2474 ingenti
537 2391 717 2455 calliditate
734 2391 910 2473 pecuniam
928 2390 1158 2453 reddidissent.

110 2632 146 2685 'A
159 2632 238 2685 series
248 2633 282 2701 of
288 2634 443 2685 adventures
449 2632 555 2700 follows
568 2632 628 2684 will
641 2649 690 2684 one
699 2631 839 2694 Quartilla,
853 2631 935 2683 whom
948 2631 1005 2697 they
1014 2630 1067 2682 lad
1075 2628 1227 2697 previously

109 2755 110 2758 =
173 2721 336 2787 interrupted
351 2719 378 2770 in
393 2719 530 2786 sacrifices
542 2728 567 2771 lo
578 2719 707 2787 Priapus.
744 2719 824 2770 Later
836 2735 869 2770 on
884 2719 942 2784 tley
954 2734 999 2768 are
1014 2717 1112 2769 invitet]
1127 2716 1226 2769 todire

108 2857 110 2862 ,
173 2808 231 2858 will
243 2806 411 2870 Trimalchio,
422 2823 439 2858 a
452 2806 507 2858 rtcl
513 2806 666 2874 freedman.
701 2805 755 2858 Tle
768 2804 926 2872 description
936 2803 971 2873 of
977 2803 1026 2855 llis
1038 2803 1227 2871 dinnerforms

173 2896 212 2946 lle
225 2902 288 2946 most
301 2892 477 2945 considerable
489 2892 524 2962 of
533 2894 572 2946 lle
585 2892 703 2960 episodes
715 2892 750 2960 of
759 2893 799 2945 tlte
812 2900 900 2943 extant
912 2899 1038 2959 excerpts.

217 3043 356 3096 uenerat
386 3033 451 3094 iam
483 3031 600 3095 tertius
631 3032 711 3107 dies,
741 3031 774 3094 id
804 3041 856 3094 est
886 3029 1072 3111 expectatio
1103 3029 1227 3092 liberae

120 3167 148 3198 ω
173 3158 286 3213 cenae,
304 3137 364 3200 sed
382 3147 432 3200 tot
448 3135 642 3199 uulneribus
659 3135 824 3199 confossis
841 3135 924 3216 fuga
940 3134 1046 3214 magis
1062 3133 1225 3214 placebat,

173 3262 273 3324 quam
290 3241 391 3323 quies
440 3240 554 3322 itaque
570 3259 646 3302 cum
663 3239 781 3301 maesti
797 3239 1067 3312 deliberaremus,
1081 3256 1226 3318 quonam

173 3364 295 3427 genere
320 3354 532 3426 praesentem
555 3343 757 3405 euitaremus
783 3342 971 3424 procellam,
998 3361 1083 3403 unus
1111 3359 1227 3402 seruus

174 3448 439 3531 Agamemnonis
465 3446 691 3528 interpellauit
715 3446 922 3527 trepidantes
945 3455 978 3507 et
999 3444 1119 3527 ‘quidl
1148 3443 1227 3506 uos'

174 3553 280 3636 inquit
308 3552 471 3627 ‘nescitis
501 3551 600 3614 hodie
631 3550 721 3632 apud
754 3570 852 3632 quem
884 3549 965 3611 fiat?
1015 3547 1169 3612 Trimalcl

119 3686 147 3731 ες
173 3657 377 3721 lautissimus
401 3657 509 3730 homo,
534 3653 742 3736 horologium
770 3653 804 3716 in
832 3653 974 3718 triclinio
1001 3662 1035 3715 et
1059 3650 1159 3715 bucin
