2684 4094
484 291 677 342 smnonrvs
702 291 855 341 Ansrrsn
1141 271 1143 275 ’
1162 298 1218 347 111

212 449 281 513 ibat
300 470 353 513 res
373 451 414 512 ad
439 469 602 512 summam
622 469 792 524 nauseam,
810 469 885 511 cum
902 448 1103 513 Trimalchio
1120 449 1223 514 ebrie-

168 564 236 618 tate
263 554 456 635 turpissima
486 553 598 635 grauis
626 573 751 615 nouum
779 572 942 628 acroama,
967 553 1162 629 cornicines
1183 554 1220 636 ‘in

168 658 345 721 triclinium
377 657 472 721 iussit
502 657 631 732 adduci,
658 656 830 739 fultusque
861 656 1078 720 ceruicalibus
1110 657 1221 720 multis

168 762 315 825 extendit
331 782 366 824 se
383 782 484 843 super
503 771 612 824 torum
630 769 813 823 extremum
830 771 864 824 et
881 760 1011 842 ‘fingite
1029 762 1096 824 me'
1114 761 1221 843 inquit

129 894 143 940 ς
170 873 350 929 ‘mortuum
374 885 457 928 esse.
505 864 603 927 dicite
628 863 752 946 aliquid
779 864 876 927 belli!
923 884 1130 928 consonuere
1154 885 1221 928 cor-

167 970 292 1033 nicines
316 969 450 1032 funebri
475 968 625 1050 strepitu.
673 989 760 1031 unus
783 968 963 1050 praecipue
987 988 1104 1031 seruus
1127 968 1222 1032 libiti-

168 1075 250 1136 narii
271 1074 368 1149 illius,
386 1073 443 1155 qui
466 1073 552 1135 inter
564 1072 637 1135 -hos
661 1071 916 1136 honestissimus
935 1082 1015 1147 erat,
1032 1081 1101 1134 tam
1122 1073 1220 1136 ualde

167 1179 318 1252 intonuit,
343 1186 379 1239 ut
402 1186 505 1239 totam
532 1176 715 1239 concitaret
741 1175 905 1238 uiciniam.
953 1175 1065 1258 itaque
1090 1176 1218 1257 uigiles,

168 1282 223 1364 qui
247 1281 478 1344 custodiebant
497 1280 642 1343 uicinam
663 1279 844 1362 regionem,
862 1279 925 1342 rati
946 1279 1062 1343 ardere
1083 1280 1220 1342 Trimal-

115 1406 143 1439 10
167 1386 295 1448 chionis
317 1386 461 1460 domum,
480 1385 688 1466 effregerunt
711 1383 844 1445 ianuam
864 1383 973 1446 subito
989 1393 1022 1446 et
1038 1404 1112 1447 cum
1133 1405 1220 1466 aqua

167 1489 403 1570 securibusque
422 1488 616 1551 tumultuari
640 1508 700 1551 suo
723 1487 794 1550 iure
813 1497 1004 1568 coeperunt.
1051 1508 1114 1550 nos
1130 1508 1220 1551 oeca-

167 1593 293 1656 sionem
310 1592 627 1674 opportunissimam
643 1591 732 1655 nacti
749 1591 1000 1673 Agamemnoni
1016 1591 1119 1654 uerba
1131 1592 1220 1654 dedi-

166 1717 240 1760 mus
256 1697 444 1779 raptimque
460 1706 529 1759 tam
545 1696 645 1778 plane
661 1716 762 1778 quam
778 1715 818 1758 ex
834 1695 988 1759 incendio
1004 1695 1162 1777 fugimus
1192 1683 1196 1691 ’

114 1907 264 1975 Encolpius
276 1907 332 1958 and
345 1906 467 1974 Ascyltos
480 1906 586 1976 quarrel
597 1905 680 1974 ayain
692 1922 754 1957 ouer
765 1903 852 1966 Giton,
866 1905 922 1957 and
933 1912 1060 1973 separate.
1098 1904 1179 1959 Giton
1193 1915 1220 1958 at

165 1996 228 2062 first
247 1993 431 2062 accompanies
449 1994 579 2061 Ascyltos,
597 1993 641 2043 bur
660 1992 726 2044 later
742 1991 765 2043 is
784 1993 922 2044 recovered
941 1992 973 2059 by
990 1991 1146 2060 Encolpius,
1164 1995 1219 2044 utlm

165 2082 252 2133 malcas
270 2083 308 2133 tlte
326 2081 517 2150 acquaintance
532 2079 567 2148 of
578 2079 738 2147 Eumolpus,
752 2096 768 2130 a
782 2087 845 2147 poet
860 2079 919 2130 wltlr
935 2095 952 2130 a
964 2079 1039 2147 fatal
1055 2079 1182 2148 tendency
1194 2088 1219 2130 tn

165 2169 239 2220 malce
254 2169 309 2220 and
324 2168 401 2220 rcclte
415 2184 499 2220 verses
512 2185 545 2219 on
558 2166 595 2219 all
610 2166 753 2229 occasions,
767 2167 823 2217 and
838 2165 898 2218 uin
914 2165 967 2217 lim
981 2167 1037 2217 and
1052 2164 1131 2219 Giton
1147 2167 1219 2218 tales

165 2256 224 2322 slip
236 2255 287 2323 for
303 2254 456 2306 Tarentum.
496 2253 550 2305 But
569 2263 593 2304 to
611 2253 652 2305 lis
671 2253 763 2305 lnrrur
778 2254 809 2304 lle
819 2252 897 2320 finds
916 2254 969 2304 tlar
987 2253 1028 2304 tlte
1046 2253 1217 2321 skip-master,

165 2342 272 2404 Liclas,
292 2343 347 2394 ancl
366 2359 383 2393 a
401 2358 554 2410 passenyer,
575 2340 745 2409 Tryphaena,
765 2357 811 2392 arc
833 2340 877 2392 old
896 2339 1008 2392 enemies
1029 2339 1064 2409 of
1082 2341 1131 2392 lis.
1181 2340 1206 2391 Τ
1204 2360 1218 2392 0

166 2447 257 2498 escape
279 2429 439 2498 recoynt'tlon
460 2428 608 2496 Encolpius
629 2428 684 2479 and
706 2427 785 2479 Giton
807 2443 885 2496 ayree
906 2435 931 2480 to
951 2444 1017 2495 pass
1038 2444 1069 2479 as
1091 2445 1219 2495 runnu-ny

125 2554 128 2557 -
164 2517 248 2568 slaves
261 2517 296 2585 os
305 2517 461 2584 Eumolpus,
472 2516 532 2584 just
545 2515 708 2583 recapturerl
722 2515 778 2566 and
792 2515 889 2567 slaued
904 2515 959 2566 and
973 2515 1092 2566 branded
1106 2515 1138 2582 by
1150 2515 1217 2567 lim:

209 2630 304 2711 coepi
328 2650 481 2693 somnum
505 2629 624 2692 obruto
649 2628 797 2692 tunicula
824 2628 933 2710 capite
961 2628 1101 2692 mentiri.
1158 2630 1217 2692 sed

113 2765 139 2810 ις
164 2743 303 2814 repente
334 2733 430 2815 quasi
460 2734 652 2797 destruente
685 2734 821 2796 fortuna
852 2732 1075 2795 constantiam
1107 2753 1215 2795 meam

164 2837 326 2900 eiusmodi
362 2857 426 2899 uox
460 2857 561 2918 super
597 2845 803 2900 constratum
843 2836 965 2917 puppis
1003 2837 1215 2917 congemuit:

165 2948 263 3022 ‘ergo
290 2962 343 3004 me
371 2940 525 3003 derisit?’
577 2950 612 3003 et
638 2940 721 3003 haec
749 2939 883 3021 quidem
915 2939 1017 3003 uirilis
1048 2950 1082 3003 et
1108 2934 1216 3021 paene

163 3046 297 3108 auribus
329 3045 412 3108 meis
444 3044 616 3107 familiaris
648 3044 795 3106 animum
830 3043 1050 3125 palpitantem
1085 3065 1216 3125 percus-

164 3150 213 3212 sit.
264 3159 412 3213 ceterum
436 3150 553 3212 eadem
576 3148 805 3230 indignatione
828 3148 954 3237 mulier
968 3149 1112 3210 lacerata
1137 3149 1216 3210 ulte-

110 3284 139 3314 20
163 3254 230 3316 rius
258 3252 436 3317 excanduit
462 3262 496 3315 et
520 3251 565 3314 ‘si
593 3252 667 3334 quis
693 3251 776 3315 deus
803 3252 957 3315 manibus
984 3252 1084 3315 meis’
1108 3251 1215 3334 inquit

165 3357 306 3422 ‘Gitona
342 3358 538 3438 imponeret,
578 3377 677 3438 quam
715 3356 800 3418 bene
839 3356 968 3418 exulem
1006 3355 1213 3437 exciperem’

163 3471 301 3544 uterque
329 3471 479 3524 nostrum
507 3470 576 3523 tam
607 3459 818 3541 inexpectato
844 3460 929 3523 ictus
954 3479 1035 3522 sono
1059 3459 1215 3522 amiserat

162 3566 370 3647 sanguinem.
417 3585 481 3646 ego
505 3564 683 3646 praecipue
708 3563 803 3646 quasi
826 3564 955 3626 somnio
979 3564 1122 3646 quodam
1150 3573 1215 3626 tur-

162 3670 298 3733 bulento
318 3671 538 3733 circumactus
557 3668 612 3731 diu
636 3688 753 3731 uocem
777 3668 896 3749 collegi
919 3668 1213 3749 tremebundisque
