2684 4094
120 242 162 306 30
381 235 592 285 FRAGMENTS
615 235 660 284 OF
684 234 809 283 ROMAN
833 234 958 282 SATIRE

172 389 197 442 Y
195 407 228 443 ou
240 389 347 458 meyde
360 405 390 441 aa
402 406 454 458 you
465 389 556 458 pleaoe
568 389 645 441 about
657 389 698 439 tie
711 388 883 440 assimilation
897 388 931 456 of
942 386 1129 457 ‘prepositions
1142 385 1175 439 in

579 475 765 543 composition,'

123 609 196 654 100.
505 634 512 648 .
538 634 544 647 .
571 635 577 647 .
602 594 701 667 atque
719 586 926 647 ‘accurrere'
944 584 1070 647 scribas

228 691 295 754 dne
311 711 353 752 an
370 711 396 766 c,
414 710 482 752 non
499 699 550 752 est
566 689 656 771 quod
672 708 812 771 quaeras
829 689 920 751 seiue
937 689 1077 751 laboras.

516 809 518 813 ’
969 789 1029 842 Vel.
1044 789 1131 859 Long.
1146 803 1229 855 2224.

204 889 306 957 Except
320 889 347 939 in
360 904 433 940 enses
445 888 529 940 toliere
543 887 687 956 omniquity
698 887 778 956 11119111
791 886 860 938 arise
870 886 946 955 from
959 885 1143 938 assimilation.

123 1019 197 1064 101.
231 1048 237 1061 .
262 998 429 1061 abbitere:
454 998 593 1060 multum
611 997 664 1059 hic
681 998 784 1071 refert
800 997 822 1059 d
838 996 901 1059 siet
917 1017 959 1059 an
975 997 1006 1059 b.

969 1098 1030 1151 Vel.
1044 1099 1132 1168 Long.
1147 1112 1229 1163 2224.

512 1197 566 1250 The
578 1198 697 1267 putturnl
710 1199 759 1250 roll
772 1199 807 1267 of
813 1214 835 1250 r.

124 1328 197 1376 102.
231 1331 255 1373 r.
289 1308 485 1372 nonnullum
499 1308 599 1369 habet
613 1309 675 1371 hoc
690 1308 951 1392 cacosyntheton
964 1331 971 1385 ;
989 1319 1092 1390 utque
1104 1307 1230 1371 canina

231 1413 277 1476 sic
294 1413 407 1493 lingua
423 1412 496 1474 dico
515 1411 615 1473 ‘nihil
631 1431 668 1472 ar
684 1412 757 1475 me.'
805 1432 928 1475 nomen
945 1413 987 1474 ab
1004 1414 1067 1476 hoc
1084 1421 1135 1475 est

231 1517 285 1580 iffi·
973 1543 1034 1596 Vel.
1048 1544 1134 1613 Long.
1149 1556 1230 1611 2213.

360 1630 415 1682 The
428 1630 570 1698 differenee
584 1630 694 1682 between
708 1646 806 1697 poema
818 1632 874 1684 01101
886 1630 988 1699 poesis.

125 1732 198 1817 103.
231 1761 320 1804 nunc
337 1741 419 1803 haec
436 1740 514 1822 quid
532 1740 665 1803 ualeant
681 1740 805 1823 quidue
822 1742 898 1803 huic
914 1741 1065 1819 intersiet
1080 1740 1161 1803 illud

231 1864 422 1926 cognosces.
471 1844 612 1924 primum
630 1844 719 1925 quod
736 1844 877 1908 dicimus
894 1864 968 1908 esse
984 1865 1112 1926 poema,

232 1968 309 2030 pars
325 1958 376 2010 est
392 1967 496 2028 parua
513 1967 641 2028 poema.
690 1947 827 2031 idyllion
846 1968 924 2011 ecce
942 1969 1061 2030 poema
1077 1958 1135 2010 aut

232 2051 381 2126 disticha,
399 2050 542 2131 epistula
559 2050 638 2112 item
654 2052 794 2133 quaeuis
811 2072 878 2115 non
895 2072 1028 2133 magna,
1046 2060 1200 2133 poemast

183 2183 196 2235 5
231 2156 305 2218 illa:
331 2155 440 2236 poesis
456 2175 540 2235 opus
556 2164 672 2229 totum,
691 2163 729 2218 ut
745 2165 815 2218 tota
833 2155 911 2218 Ilias
928 2166 1026 2219 unast

232 2254 379 2323 σύνθεσις
395 2259 598 2341 annalesque
618 2259 728 2334 Enni3
751 2260 861 2341 adque
877 2280 895 2322 e
912 2270 982 2323 stoc
999 2260 1081 2323 liber
1097 2279 1185 2322 unus

232 2374 284 2427 est
299 2363 404 2425 maius
420 2363 524 2424 multo
541 2382 641 2444 quam
658 2364 749 2447 quod
766 2363 833 2426 dixi
849 2374 926 2426 ante
943 2383 1071 2445 poema.

232 2477 437 2550 quapropter
451 2465 534 2540 dico,
552 2486 652 2528 nemo
669 2467 726 2550 qui
743 2467 857 2548 culpat
875 2468 1061 2530 Homerum

233 2582 430 2654 perpetuom
446 2572 568 2653 culpat,
586 2591 698 2656 neque
716 2573 805 2654 quod
823 2572 889 2634 dixi
905 2581 982 2634 ante
999 2571 1125 2653 poesin,

170 2704 198 2740 ιο
232 2697 349 2739 uerum
366 2695 467 2738 unum
484 2675 599 2756 culpat
616 2676 766 2752 uerbum,
785 2677 1001 2760 enthymema
1016 2675 1177 2738 locumue.

1041 2777 1115 2829 Non.
1129 2777 1191 2841 428.
1204 2789 1231 2842 7.

273 2882 396 2935 Laterem
409 2880 432 2933 is
445 2881 485 2933 the
498 2891 599 2936 connect
612 2899 670 2935 acc.
685 2881 754 2951 sino.
769 2881 804 2949 of
815 2881 890 2946 later,
904 2890 946 2933 not
960 2881 994 2949 of
1003 2881 1083 2933 latus.

127 3012 201 3070 104.
234 3012 312 3055 nam
328 2992 465 3055 laterem
482 2991 542 3074 qui
557 2991 658 3067 ducit,
678 2993 779 3055 habet
795 2991 876 3053 nihil
892 2991 1035 3072 amplius
1051 3011 1211 3073 umquam

235 3116 332 3178 quam
347 3115 527 3161 commune
539 3097 647 3160 lutum
660 3107 693 3159 et
706 3096 819 3178 paleas
832 3115 1039 3178 caenumque
1052 3104 1232 3158 aceratum.

1022 3198 1097 3250 Non.
1111 3208 1174 3264 445.
1189 3209 1234 3247 21.

299 3299 352 3352 Tue
364 3308 424 3368 poet
436 3303 562 3355 emulates
574 3302 616 3356 the
627 3301 854 3371 puqnocionnness
867 3302 901 3371 of
911 3301 1062 3370 Zopyrion.

83 3387 85 3391 Ι
130 3428 203 3490 105.
236 3409 357 3492 arripio
372 3420 407 3473 et
421 3422 568 3475 rostrum
585 3411 765 3492 labensque
783 3412 857 3475 huic
875 3411 1080 3497 Zopyriatim

237 3512 386 3597 percutio
403 3516 591 3598 dentesque
607 3515 768 3586 aduersos
784 3515 925 3584 discutio
941 3515 1058 3579 omnis.

1026 3618 1101 3670 Non.
1115 3629 1177 3684 455.
1195 3627 1238 3668 10.
