2684 4094
147 272 207 339 100
406 267 618 317 FRAGMENTS
640 267 686 318 OF
709 266 836 317 ROMAN
859 266 985 316 SATIRE

240 421 475 505 pietaticultrix
489 422 668 504 gracilipes
684 409 890 498 crotalistria

239 526 311 590 auis
327 528 402 589 exul
418 526 545 602 hiemis,
563 526 679 589 titulus
695 526 798 608 tepidi
814 527 983 608 temporis

238 630 406 713 nequitiae
422 630 537 693 nidum
553 630 586 692 in
603 631 747 694 caccabo
763 630 844 693 iecit
860 631 968 694 modo.

239 754 305 817 quo
321 734 502 817 margarita
517 754 594 797 cara
609 734 678 811 tibi,
695 734 814 797 bacam
832 735 1002 797 Indicam?

239 860 282 902 an
298 849 335 902 ut
351 847 502 901 matrona
518 848 635 901 ornata
652 838 798 919 phaleris
815 838 955 921 pelagiis

238 942 334 1006 tollat
350 942 453 1023 pedes
468 941 630 1005 indomita
645 942 679 1004 in
696 951 800 1005 strato
816 943 994 1005 extraneo?

238 1046 454 1128 zmaragdum
471 1046 513 1108 ad
530 1067 631 1128 quam
647 1066 717 1109 rem
734 1045 883 1121 uiridem,
896 1046 1078 1127 pretiosum
1095 1046 1239 1110 uitrum?

239 1170 305 1232 quo
323 1149 572 1212 Carchedonios
589 1159 686 1231 optas
702 1149 797 1231 ignes
813 1150 983 1232 lapideos?

239 1253 304 1316 nisi
319 1263 356 1316 ut
372 1252 527 1316 scintillet
543 1253 692 1335 probitas
707 1273 726 1316 e
742 1254 961 1317 carbunculis.

144 1389 173 1422 10
239 1377 383 1440 aequum
400 1367 451 1420 est
466 1356 604 1420 induere
620 1367 758 1439 nuptam
776 1368 913 1421 uentum
929 1358 1085 1434 textilem,

240 1461 351 1545 palam
367 1470 518 1544 prostare
535 1461 660 1524 nudam
676 1461 710 1524 in
727 1461 849 1524 nebula
864 1462 995 1524 linea?'’

240 1672 294 1750 56.
319 1669 408 1752 quod
435 1668 565 1733 autem’
592 1668 698 1751 inquit
724 1674 896 1750 ‘putamus
924 1670 1106 1733 secundum
1134 1670 1248 1734 literas

196 1773 424 1837 difficillimum
454 1792 528 1836 esse
559 1772 756 1836 artificium?
814 1792 877 1855 ego
909 1784 990 1855 puto
1021 1774 1186 1837 medicum
1215 1786 1249 1837 et

196 1877 472 1940 nummularium:
493 1876 652 1952 medicus
664 1876 720 1958 qui
736 1877 797 1939 scit
809 1877 888 1958 quid
905 1878 1144 1941 homunciones
1160 1878 1249 1941 intra

145 2012 172 2059 15
197 1981 390 2064 praecordia
409 2001 469 2043 sua
492 1979 638 2045 habeant
660 1989 694 2042 et
716 1980 850 2062 quando
874 1981 977 2044 febris
1000 1981 1121 2057 ueniat,
1146 1982 1247 2044 etiam

197 2086 226 2148 si
247 2085 321 2148 illos
344 2084 399 2148 odi
422 2083 575 2166 pessime,
598 2084 687 2166 quod
711 2084 792 2146 mihi
814 2084 929 2147 iubent
952 2105 1052 2166 saepe
1076 2086 1246 2148 anatinam

197 2189 324 2272 parari;
347 2188 598 2263 nummularius
616 2187 673 2270 qui
688 2208 749 2270 per
764 2197 940 2270 argentum
957 2209 1013 2251 aes
1029 2189 1128 2252 uidet.
1168 2210 1247 2252 nam

197 2302 308 2356 mutae
339 2292 465 2355 bestiae
495 2291 772 2355 laboriosissimae
802 2292 906 2355 boues
933 2302 966 2355 et
997 2313 1093 2356 oues:
1131 2293 1246 2369 boues,

197 2417 338 2480 quorum
356 2396 518 2459 beneficio
534 2415 657 2478 panem
673 2396 928 2472 manducamus;
953 2403 1042 2472 oues}
1060 2397 1149 2478 quod
1171 2397 1248 2460 lana

145 2534 174 2566 ω
197 2501 272 2564 illae
288 2521 350 2564 nos
364 2500 526 2582 gloriosos
547 2499 684 2563 iaciunt.
731 2509 765 2562 et
780 2500 912 2563 facinus
927 2500 1111 2580 indignum,
1128 2501 1247 2582 aliquis

198 2605 331 2668 ouillam
355 2613 406 2667 est
428 2613 462 2667 et
483 2603 630 2667 tunicam
654 2603 763 2666 habet.
810 2623 891 2685 apes
914 2603 1003 2666 enim
1026 2623 1089 2685 ego
1116 2604 1248 2667 diuinas

197 2708 321 2773 bestias
345 2717 435 2789 puto,
451 2727 537 2789 quae
560 2707 626 2770 mel
649 2716 798 2783 uomunt,
815 2706 916 2769 etiam
939 2706 967 2769 si
989 2706 1145 2770 dicuntur
1167 2707 1249 2770 illud

198 2833 218 2876 a
245 2814 327 2876 Ioue
353 2812 493 2887 afferre;
525 2810 600 2874 ideo
626 2820 738 2874 autem
765 2820 930 2893 pungunt,
955 2811 1032 2893 quia
1058 2811 1249 2893 ubicunque

198 2917 295 2980 dulce
311 2925 370 2992 est,
387 2915 433 2978 ibi
448 2924 482 2977 et
497 2915 628 2978 acidum
644 2914 814 2979 inuenies’

147 3049 174 3096 25
242 3020 307 3084 iam
338 3019 438 3083 etiam
472 3018 690 3100 philosophos
724 3018 765 3081 de
799 3017 935 3099 negotio
968 3017 1140 3094 deiciebat,
1172 3039 1249 3081 cum

199 3124 335 3206 pittacia
350 3123 384 3186 in
401 3124 529 3207 scypho
545 3121 750 3185 circumferri
773 3130 964 3204 coeperunt,
982 3141 1131 3203 puerque
1148 3142 1250 3203 super

200 3229 262 3291 hoc
290 3226 417 3309 positus
444 3225 587 3290 officium
615 3226 821 3307 apophoreta
845 3225 1005 3289 recitauit.
1054 3232 1249 3307 ‘argentum

200 3331 429 3396 sceleratum':
462 3330 563 3393 allata
592 3339 644 3392 est
674 3349 787 3411 perna,
814 3349 916 3411 super
945 3350 1045 3411 quam
1076 3330 1251 3393 acetabula

199 3445 295 3499 erant
318 3434 435 3517 posita.
483 3433 673 3498 ‘ceruical't
697 3433 774 3496 offla
789 3433 920 3497 collaris
935 3431 1035 3496 allata
1051 3443 1110 3496 est.
1160 3434 1252 3496 ‘seri-

147 3572 177 3617 30
200 3539 294 3621 sapia
315 3548 349 3602 et
373 3537 608 3601 contumelia':
636 3537 859 3619 aecrophagie
882 3536 972 3600 saele
994 3537 1092 3600 datae
1116 3546 1194 3600 sunt
1217 3546 1253 3602 et

200 3653 318 3708 contus
334 3663 410 3706 cum
427 3642 523 3705 malo.
572 3641 679 3723 ‘porri
701 3650 735 3704 et
758 3641 920 3723 persica':
943 3641 1112 3723 flagellum
1131 3651 1165 3704 et
1185 3641 1253 3712 cul-
