<?xml version="1.0" encoding="UTF-8"?>
<!DOCTYPE html PUBLIC "-//W3C//DTD XHTML 1.0 Transitional//EN"
    "http://www.w3.org/TR/xhtml1/DTD/xhtml1-transitional.dtd">
<html xmlns="http://www.w3.org/1999/xhtml" xml:lang="en" lang="en">
 <head>
  <title>
</title>
<meta http-equiv="Content-Type" content="text/html;charset=utf-8" />
  <meta name='ocr-system' content='tesseract 3.04.00' />
  <meta name='ocr-capabilities' content='ocr_page ocr_carea ocr_par ocr_line ocrx_word'/>
</head>
<body>
  <div class='ocr_page' id='page_1' title='image "./fragmentsromans00unkngoog_0032.png"; bbox 0 0 2684 4094; ppageno 0'>
   <div class='ocr_carea' id='block_1_1' title="bbox 593 272 1223 341">
    <p class='ocr_par' dir='ltr' id='par_1_1' title="bbox 593 272 1223 341">
     <span class='ocr_line' id='line_1_1' title="bbox 593 272 1223 341; baseline 0.008 -21"><span class='ocrx_word' id='word_1_1' title='bbox 593 272 752 321; x_wconf 81' lang='lat' dir='ltr'>chnrvs</span> <span class='ocrx_word' id='word_1_2' title='bbox 1184 279 1223 341; x_wconf 88' lang='lat'>23</span> 
     </span>
    </p>
   </div>
   <div class='ocr_carea' id='block_1_2' title="bbox 123 413 1150 514">
    <p class='ocr_par' dir='ltr' id='par_1_2' title="bbox 123 413 1150 514">
     <span class='ocr_line' id='line_1_2' title="bbox 123 413 1150 514; baseline -0.003 -20"><span class='ocrx_word' id='word_1_3' title='bbox 123 447 178 508; x_wconf 86' lang='lat'>4¹7.</span> <span class='ocrx_word' id='word_1_4' title='bbox 213 430 435 514; x_wconf 88' lang='lat' dir='ltr'>Symmachus</span> <span class='ocrx_word' id='word_1_5' title='bbox 453 413 625 510; x_wconf 87' lang='lat' dir='ltr'>praeterea</span> <span class='ocrx_word' id='word_1_6' title='bbox 642 428 707 490; x_wconf 93' lang='lat' dir='ltr'>iam</span> <span class='ocrx_word' id='word_1_7' title='bbox 724 438 794 490; x_wconf 93' lang='lat' dir='ltr'>tum</span> <span class='ocrx_word' id='word_1_8' title='bbox 810 429 970 510; x_wconf 91' lang='lat' dir='ltr'>depostus</span> <span class='ocrx_word' id='word_1_9' title='bbox 986 429 1150 492; x_wconf 91' lang='lat' dir='ltr'>bubulcus</span> 
     </span>
    </p>
   </div>
   <div class='ocr_carea' id='block_1_3' title="bbox 210 532 1223 702">
    <p class='ocr_par' dir='ltr' id='par_1_3' title="bbox 210 532 1223 702">
     <span class='ocr_line' id='line_1_3' title="bbox 210 532 1022 616; baseline -0.001 -21"><span class='ocrx_word' id='word_1_10' title='bbox 210 533 365 615; x_wconf 86' lang='lat' dir='ltr'>expirans</span> <span class='ocrx_word' id='word_1_11' title='bbox 382 533 526 593; x_wconf 92' lang='lat' dir='ltr'>animam</span> <span class='ocrx_word' id='word_1_12' title='bbox 536 532 758 616; x_wconf 92' lang='lat' dir='ltr'>pulmonibus</span> <span class='ocrx_word' id='word_1_13' title='bbox 774 553 876 613; x_wconf 84' lang='lat' dir='ltr'>aeger</span> <span class='ocrx_word' id='word_1_14' title='bbox 892 533 1022 613; x_wconf 89' lang='lat' dir='ltr'>agebat.</span> 
     </span>
     <span class='ocr_line' id='line_1_4' title="bbox 895 634 1223 702; baseline -0.003 -16"><span class='ocrx_word' id='word_1_15' title='bbox 895 636 968 687; x_wconf 91' lang='lat' dir='ltr'>Non.</span> <span class='ocrx_word' id='word_1_16' title='bbox 983 647 1041 702; x_wconf 91' lang='lat'><strong>279.</strong></span> <span class='ocrx_word' id='word_1_17' title='bbox 1058 648 1105 700; x_wconf 77' lang='lat'>¹73</span> <span class='ocrx_word' id='word_1_18' title='bbox 1126 635 1167 702; x_wconf 85' lang='lat'>38.</span> <span class='ocrx_word' id='word_1_19' title='bbox 1182 634 1223 686; x_wconf 88' lang='lat'>26.</span> 
     </span>
    </p>
   </div>
   <div class='ocr_carea' id='block_1_4' title="bbox 121 737 1087 818">
    <p class='ocr_par' dir='ltr' id='par_1_4' title="bbox 121 737 1087 818">
     <span class='ocr_line' id='line_1_5' title="bbox 121 737 1087 818; baseline -0.005 -14"><span class='ocrx_word' id='word_1_20' title='bbox 121 742 176 818; x_wconf 86' lang='lat'>48.</span> <span class='ocrx_word' id='word_1_21' title='bbox 646 787 652 799; x_wconf 95' lang='lat'>.</span> <span class='ocrx_word' id='word_1_22' title='bbox 678 787 684 799; x_wconf 92' lang='lat'>.</span> <span class='ocrx_word' id='word_1_23' title='bbox 711 787 717 798; x_wconf 92' lang='lat'>.</span> <span class='ocrx_word' id='word_1_24' title='bbox 743 737 797 800; x_wconf 96' lang='lat' dir='ltr'>ille</span> <span class='ocrx_word' id='word_1_25' title='bbox 813 737 898 800; x_wconf 91' lang='lat' dir='ltr'>alter</span> <span class='ocrx_word' id='word_1_26' title='bbox 912 738 1087 799; x_wconf 91' lang='lat' dir='ltr'>abundans</span> 
     </span>
    </p>
   </div>
   <div class='ocr_carea' id='block_1_5' title="bbox 209 841 1222 1010">
    <p class='ocr_par' dir='ltr' id='par_1_5' title="bbox 209 841 1222 1010">
     <span class='ocr_line' id='line_1_6' title="bbox 209 841 1101 924; baseline -0.001 -20"><span class='ocrx_word' id='word_1_27' title='bbox 209 863 284 905; x_wconf 90' lang='lat' dir='ltr'>cum</span> <span class='ocrx_word' id='word_1_28' title='bbox 303 852 432 924; x_wconf 88' lang='lat' dir='ltr'>septem</span> <span class='ocrx_word' id='word_1_29' title='bbox 449 841 624 904; x_wconf 90' lang='lat' dir='ltr'>incolumis</span> <span class='ocrx_word' id='word_1_30' title='bbox 641 841 752 923; x_wconf 86' lang='lat' dir='ltr'>pinnis</span> <span class='ocrx_word' id='word_1_31' title='bbox 768 841 853 903; x_wconf 91' lang='lat' dir='ltr'>redit</span> <span class='ocrx_word' id='word_1_32' title='bbox 869 861 907 904; x_wconf 91' lang='lat' dir='ltr'>ac</span> <span class='ocrx_word' id='word_1_33' title='bbox 924 841 1041 922; x_wconf 86' lang='lat' dir='ltr'>recipit</span> <span class='ocrx_word' id='word_1_34' title='bbox 1057 862 1101 903; x_wconf 89' lang='lat' dir='ltr'>se.</span> 
     </span>
     <span class='ocr_line' id='line_1_7' title="bbox 406 941 1222 1010; baseline -0.002 -15"><span class='ocrx_word' id='word_1_35' title='bbox 406 944 481 995; x_wconf 92' lang='lat' dir='ltr'>Don.</span> <span class='ocrx_word' id='word_1_36' title='bbox 496 942 526 995; x_wconf 91' lang='lat' dir='ltr'>in</span> <span class='ocrx_word' id='word_1_37' title='bbox 539 944 604 996; x_wconf 89' lang='lat' dir='ltr'>Ter.</span> <span class='ocrx_word' id='word_1_38' title='bbox 618 943 733 994; x_wconf 71' lang='lat' dir='ltr'>Plorm:</span> <span class='ocrx_word' id='word_1_39' title='bbox 744 943 767 994; x_wconf 94' lang='lat' dir='ltr'>l.</span> <span class='ocrx_word' id='word_1_40' title='bbox 782 957 808 1008; x_wconf 85' lang='lat'>3.</span> <span class='ocrx_word' id='word_1_41' title='bbox 826 956 873 1008; x_wconf 86' lang='lat'>113</span> <span class='ocrx_word' id='word_1_42' title='bbox 895 941 989 995; x_wconf 92' lang='lat' dir='ltr'>Schol.</span> <span class='ocrx_word' id='word_1_43' title='bbox 1003 941 1032 994; x_wconf 91' lang='lat' dir='ltr'>in</span> <span class='ocrx_word' id='word_1_44' title='bbox 1046 943 1104 994; x_wconf 92' lang='lat' dir='ltr'>luu.</span> <span class='ocrx_word' id='word_1_45' title='bbox 1120 959 1145 1010; x_wconf 85' lang='lat'>3.</span> <span class='ocrx_word' id='word_1_46' title='bbox 1164 943 1222 1009; x_wconf 85' lang='lat'>158.</span> 
     </span>
    </p>
   </div>
   <div class='ocr_carea' id='block_1_6' title="bbox 577 1181 770 1245">
    <p class='ocr_par' dir='ltr' id='par_1_6' title="bbox 577 1181 770 1245">
     <span class='ocr_line' id='line_1_8' title="bbox 577 1181 770 1245; baseline 0 -3"><span class='ocrx_word' id='word_1_47' title='bbox 577 1181 687 1243; x_wconf 73' lang='lat' dir='ltr'>Lmen</span> <span class='ocrx_word' id='word_1_48' title='bbox 711 1181 770 1245; x_wconf 92' lang='lat' dir='ltr'>IV.</span> 
     </span>
    </p>
   </div>
   <div class='ocr_carea' id='block_1_7' title="bbox 209 1306 1222 1499">
    <p class='ocr_par' dir='ltr' id='par_1_7' title="bbox 209 1306 1222 1499">
     <span class='ocr_line' id='line_1_9' title="bbox 253 1306 1222 1398; baseline -0.001 -21"><span class='ocrx_word' id='word_1_49' title='bbox 253 1311 357 1398; x_wconf 88' lang='lat' dir='ltr'>[hanc</span> <span class='ocrx_word' id='word_1_50' title='bbox 371 1325 517 1398; x_wconf 87' lang='lat' dir='ltr'>satyram</span> <span class='ocrx_word' id='word_1_51' title='bbox 533 1324 632 1396; x_wconf 91' lang='lat' dir='ltr'>poeta</span> <span class='ocrx_word' id='word_1_52' title='bbox 644 1306 684 1376; x_wconf 82' lang='lat' dir='ltr'>ex</span> <span class='ocrx_word' id='word_1_53' title='bbox 699 1313 806 1377; x_wconf 92' lang='lat' dir='ltr'>Lucili</span> <span class='ocrx_word' id='word_1_54' title='bbox 818 1313 901 1377; x_wconf 92' lang='lat' dir='ltr'>libro</span> <span class='ocrx_word' id='word_1_55' title='bbox 914 1323 1032 1396; x_wconf 90' lang='lat' dir='ltr'>quarto</span> <span class='ocrx_word' id='word_1_56' title='bbox 1044 1314 1222 1389; x_wconf 90' lang='lat' dir='ltr'>transtulit,</span> 
     </span>
     <span class='ocr_line' id='line_1_10' title="bbox 209 1417 894 1499; baseline -0.004 -18"><span class='ocrx_word' id='word_1_57' title='bbox 209 1418 405 1499; x_wconf 85' lang='lat' dir='ltr'>castigantis</span> <span class='ocrx_word' id='word_1_58' title='bbox 421 1417 583 1479; x_wconf 89' lang='lat' dir='ltr'>luxuriam</span> <span class='ocrx_word' id='word_1_59' title='bbox 600 1427 633 1479; x_wconf 89' lang='lat' dir='ltr'>et</span> <span class='ocrx_word' id='word_1_60' title='bbox 649 1417 729 1479; x_wconf 91' lang='lat' dir='ltr'>uitia</span> <span class='ocrx_word' id='word_1_61' title='bbox 745 1417 894 1479; x_wconf 92' lang='lat' dir='ltr'>diuitum.</span> 
     </span>
    </p>
   </div>
   <div class='ocr_carea' id='block_1_8' title="bbox 471 1501 1219 1682">
    <p class='ocr_par' dir='ltr' id='par_1_8' title="bbox 471 1501 1219 1682">
     <span class='ocr_line' id='line_1_11' title="bbox 907 1501 1219 1571; baseline -0.006 -16"><span class='ocrx_word' id='word_1_62' title='bbox 907 1501 999 1555; x_wconf 92' lang='lat' dir='ltr'>Schol.</span> <span class='ocrx_word' id='word_1_63' title='bbox 1012 1501 1041 1554; x_wconf 93' lang='lat' dir='ltr'>in</span> <span class='ocrx_word' id='word_1_64' title='bbox 1054 1503 1128 1555; x_wconf 91' lang='lat' dir='ltr'>Pers.</span> <span class='ocrx_word' id='word_1_65' title='bbox 1142 1519 1166 1570; x_wconf 84' lang='lat'>3.</span> <span class='ocrx_word' id='word_1_66' title='bbox 1184 1502 1219 1571; x_wconf 90' lang='lat'>1.]</span> 
     </span>
     <span class='ocr_line' id='line_1_12' title="bbox 471 1591 876 1682; baseline -0.002 -22"><span class='ocrx_word' id='word_1_67' title='bbox 471 1609 526 1660; x_wconf 71' lang='lat' dir='ltr'>The</span> <span class='ocrx_word' id='word_1_68' title='bbox 535 1591 629 1682; x_wconf 66' lang='lat' dir='ltr'>pruine</span> <span class='ocrx_word' id='word_1_69' title='bbox 639 1608 674 1676; x_wconf 91' lang='lat' dir='ltr'>of</span> <span class='ocrx_word' id='word_1_70' title='bbox 679 1608 772 1676; x_wconf 83' lang='lat' dir='ltr'>simple</span> <span class='ocrx_word' id='word_1_71' title='bbox 785 1607 876 1677; x_wconf 75' lang='lat' dir='ltr'>livinq.</span> 
     </span>
    </p>
   </div>
   <div class='ocr_carea' id='block_1_9' title="bbox 99 1694 1134 1909">
    <p class='ocr_par' dir='ltr' id='par_1_9' title="bbox 99 1694 1134 1909">
     <span class='ocr_line' id='line_1_13' title="bbox 99 1694 1134 1806; baseline 0 -20"><span class='ocrx_word' id='word_1_72' title='bbox 99 1694 177 1804; x_wconf 55' lang='lat'>(49.</span> <span class='ocrx_word' id='word_1_73' title='bbox 190 1727 230 1786; x_wconf 78' lang='lat' dir='ltr'>*o</span> <span class='ocrx_word' id='word_1_74' title='bbox 246 1724 390 1806; x_wconf 90' lang='lat' dir='ltr'>lapathe,</span> <span class='ocrx_word' id='word_1_75' title='bbox 409 1734 445 1787; x_wconf 93' lang='lat' dir='ltr'>ut</span> <span class='ocrx_word' id='word_1_76' title='bbox 460 1724 583 1787; x_wconf 90' lang='lat' dir='ltr'>iactare</span> <span class='ocrx_word' id='word_1_77' title='bbox 600 1744 663 1787; x_wconf 92' lang='lat' dir='ltr'>nec</span> <span class='ocrx_word' id='word_1_78' title='bbox 679 1744 715 1786; x_wconf 90' lang='lat' dir='ltr'>es</span> <span class='ocrx_word' id='word_1_79' title='bbox 733 1724 813 1786; x_wconf 92' lang='lat' dir='ltr'>satis</span> <span class='ocrx_word' id='word_1_80' title='bbox 829 1724 983 1805; x_wconf 90' lang='lat' dir='ltr'>cognitus</span> <span class='ocrx_word' id='word_1_81' title='bbox 998 1723 1056 1806; x_wconf 93' lang='lat' dir='ltr'>qui</span> <span class='ocrx_word' id='word_1_82' title='bbox 1071 1723 1134 1786; x_wconf 91' lang='lat' dir='ltr'>sis!</span> 
     </span>
     <span class='ocr_line' id='line_1_14' title="bbox 209 1823 987 1909; baseline 0.001 -20"><span class='ocrx_word' id='word_1_83' title='bbox 209 1827 243 1889; x_wconf 94' lang='lat' dir='ltr'>in</span> <span class='ocrx_word' id='word_1_84' title='bbox 260 1848 326 1909; x_wconf 94' lang='lat' dir='ltr'>quo</span> <span class='ocrx_word' id='word_1_85' title='bbox 345 1828 478 1890; x_wconf 91' lang='lat' dir='ltr'>Laelius</span> <span class='ocrx_word' id='word_1_86' title='bbox 494 1827 657 1891; x_wconf 90' lang='lat' dir='ltr'>clamores</span> <span class='ocrx_word' id='word_1_87' title='bbox 672 1823 773 1907; x_wconf 76' lang='grc' dir='ltr'>σοφὸς</span> <span class='ocrx_word' id='word_1_88' title='bbox 789 1827 843 1889; x_wconf 91' lang='lat' dir='ltr'>ille</span> <span class='ocrx_word' id='word_1_89' title='bbox 859 1828 987 1890; x_wconf 89' lang='lat' dir='ltr'>solebat</span> 
     </span>
    </p>
   </div>
   <div class='ocr_carea' id='block_1_10' title="bbox 209 1931 1222 2191">
    <p class='ocr_par' dir='ltr' id='par_1_10' title="bbox 209 1931 1222 2191">
     <span class='ocr_line' id='line_1_15' title="bbox 209 1931 1018 2013; baseline -0.001 -19"><span class='ocrx_word' id='word_1_90' title='bbox 209 1932 318 2006; x_wconf 92' lang='lat' dir='ltr'>edere,</span> <span class='ocrx_word' id='word_1_91' title='bbox 335 1931 529 2013; x_wconf 90' lang='lat' dir='ltr'>conpellans</span> <span class='ocrx_word' id='word_1_92' title='bbox 545 1931 675 2012; x_wconf 89' lang='lat' dir='ltr'>gumias</span> <span class='ocrx_word' id='word_1_93' title='bbox 691 1951 731 1992; x_wconf 87' lang='lat' dir='ltr'>ex</span> <span class='ocrx_word' id='word_1_94' title='bbox 746 1931 861 1993; x_wconf 89' lang='lat' dir='ltr'>ordine</span> <span class='ocrx_word' id='word_1_95' title='bbox 877 1942 1018 1995; x_wconf 77' lang='lat' dir='ltr'>nostros,</span> 
     </span>
     <span class='ocr_line' id='line_1_16' title="bbox 931 2032 1222 2097; baseline -0.003 -13"><span class='ocrx_word' id='word_1_96' title='bbox 931 2032 989 2086; x_wconf 92' lang='lat' dir='ltr'>Cic.</span> <span class='ocrx_word' id='word_1_97' title='bbox 1004 2033 1069 2084; x_wconf 82' lang='lat' dir='ltr'>Fin.</span> <span class='ocrx_word' id='word_1_98' title='bbox 1085 2033 1122 2086; x_wconf 95' lang='lat' dir='ltr'>ll.</span> <span class='ocrx_word' id='word_1_99' title='bbox 1137 2033 1163 2085; x_wconf 92' lang='lat'>8.</span> <span class='ocrx_word' id='word_1_100' title='bbox 1179 2047 1222 2097; x_wconf 85' lang='lat'>24.</span> 
     </span>
     <span class='ocr_line' id='line_1_17' title="bbox 488 2122 858 2191; baseline 0.003 -17"><span class='ocrx_word' id='word_1_101' title='bbox 488 2122 544 2175; x_wconf 71' lang='lat' dir='ltr'>The</span> <span class='ocrx_word' id='word_1_102' title='bbox 557 2123 653 2191; x_wconf 76' lang='lat' dir='ltr'>luxury</span> <span class='ocrx_word' id='word_1_103' title='bbox 665 2123 700 2191; x_wconf 89' lang='lat' dir='ltr'>of</span> <span class='ocrx_word' id='word_1_104' title='bbox 709 2122 858 2175; x_wconf 80' lang='lat' dir='ltr'>Gallonius.</span> 
     </span>
    </p>
   </div>
   <div class='ocr_carea' id='block_1_11' title="bbox 96 2221 1139 2423">
    <p class='ocr_par' dir='ltr' id='par_1_11' title="bbox 96 2221 1139 2423">
     <span class='ocr_line' id='line_1_18' title="bbox 96 2221 1139 2319; baseline -0.003 -17"><span class='ocrx_word' id='word_1_105' title='bbox 96 2222 177 2316; x_wconf 57' lang='lat' dir='ltr'>tsso.</span> <span class='ocrx_word' id='word_1_106' title='bbox 190 2240 230 2301; x_wconf 71' lang='grc' dir='ltr'>*ο</span> <span class='ocrx_word' id='word_1_107' title='bbox 248 2238 351 2312; x_wconf 89' lang='lat' dir='ltr'>Publi,</span> <span class='ocrx_word' id='word_1_108' title='bbox 369 2259 389 2300; x_wconf 95' lang='lat' dir='ltr'>o</span> <span class='ocrx_word' id='word_1_109' title='bbox 405 2257 538 2319; x_wconf 90' lang='lat' dir='ltr'>gurges,</span> <span class='ocrx_word' id='word_1_110' title='bbox 556 2237 706 2302; x_wconf 90' lang='lat' dir='ltr'>Galloni:</span> <span class='ocrx_word' id='word_1_111' title='bbox 730 2221 771 2300; x_wconf 65' lang='lat' dir='ltr'>es.</span> <span class='ocrx_word' id='word_1_112' title='bbox 783 2239 881 2301; x_wconf 93' lang='lat' dir='ltr'>homo</span> <span class='ocrx_word' id='word_1_113' title='bbox 898 2238 1006 2312; x_wconf 91' lang='lat' dir='ltr'>miser,</span> <span class='ocrx_word' id='word_1_114' title='bbox 1024 2237 1139 2319; x_wconf 91' lang='lat' dir='ltr'>inquit,</span> 
     </span>
     <span class='ocr_line' id='line_1_19' title="bbox 210 2340 1133 2423; baseline -0.001 -19"><span class='ocrx_word' id='word_1_115' title='bbox 210 2341 338 2404; x_wconf 89' lang='lat' dir='ltr'>cenasti</span> <span class='ocrx_word' id='word_1_116' title='bbox 353 2341 386 2403; x_wconf 93' lang='lat' dir='ltr'>in</span> <span class='ocrx_word' id='word_1_117' title='bbox 404 2342 473 2403; x_wconf 93' lang='lat' dir='ltr'>uita</span> <span class='ocrx_word' id='word_1_118' title='bbox 489 2362 671 2423; x_wconf 92' lang='lat' dir='ltr'>numquam</span> <span class='ocrx_word' id='word_1_119' title='bbox 687 2341 783 2416; x_wconf 89' lang='lat' dir='ltr'>bene,</span> <span class='ocrx_word' id='word_1_120' title='bbox 800 2361 876 2403; x_wconf 89' lang='lat' dir='ltr'>cum</span> <span class='ocrx_word' id='word_1_121' title='bbox 893 2341 1004 2404; x_wconf 91' lang='lat' dir='ltr'>omnia</span> <span class='ocrx_word' id='word_1_122' title='bbox 1019 2340 1052 2403; x_wconf 91' lang='lat' dir='ltr'>in</span> <span class='ocrx_word' id='word_1_123' title='bbox 1069 2341 1133 2413; x_wconf 91' lang='lat' dir='ltr'>ista</span> 
     </span>
    </p>
   </div>
   <div class='ocr_carea' id='block_1_12' title="bbox 209 2445 1222 2705">
    <p class='ocr_par' dir='ltr' id='par_1_12' title="bbox 209 2445 1222 2705">
     <span class='ocr_line' id='line_1_20' title="bbox 209 2445 1190 2527; baseline 0 -19"><span class='ocrx_word' id='word_1_124' title='bbox 209 2445 376 2508; x_wconf 90' lang='lat' dir='ltr'>consumis</span> <span class='ocrx_word' id='word_1_125' title='bbox 393 2445 512 2527; x_wconf 89' lang='lat' dir='ltr'>squilla</span> <span class='ocrx_word' id='word_1_126' title='bbox 528 2455 628 2527; x_wconf 91' lang='lat' dir='ltr'>atque</span> <span class='ocrx_word' id='word_1_127' title='bbox 645 2465 849 2526; x_wconf 90' lang='lat' dir='ltr'>acupensere</span> <span class='ocrx_word' id='word_1_128' title='bbox 866 2465 941 2507; x_wconf 93' lang='lat' dir='ltr'>cum</span> <span class='ocrx_word' id='word_1_129' title='bbox 958 2445 991 2506; x_wconf 94' lang='lat' dir='ltr'>in</span> <span class='ocrx_word' id='word_1_130' title='bbox 1008 2445 1190 2508; x_wconf 89' lang='lat' dir='ltr'>decimano.</span> 
     </span>
     <span class='ocr_line' id='line_1_21' title="bbox 932 2545 1222 2611; baseline -0.007 -13"><span class='ocrx_word' id='word_1_131' title='bbox 932 2545 990 2599; x_wconf 83' lang='lat' dir='ltr'>cic.</span> <span class='ocrx_word' id='word_1_132' title='bbox 1005 2546 1069 2597; x_wconf 63' lang='lat' dir='ltr'>Fra.</span> <span class='ocrx_word' id='word_1_133' title='bbox 1084 2546 1122 2598; x_wconf 90' lang='lat'>11.</span> <span class='ocrx_word' id='word_1_134' title='bbox 1137 2546 1164 2598; x_wconf 88' lang='lat'>8.</span> <span class='ocrx_word' id='word_1_135' title='bbox 1179 2561 1222 2611; x_wconf 82' lang='lat'>24.</span> 
     </span>
     <span class='ocr_line' id='line_1_22' title="bbox 501 2636 848 2705; baseline 0 -17"><span class='ocrx_word' id='word_1_136' title='bbox 501 2636 555 2688; x_wconf 81' lang='lat' dir='ltr'>Tle</span> <span class='ocrx_word' id='word_1_137' title='bbox 568 2637 677 2689; x_wconf 82' lang='lat' dir='ltr'>mistulre</span> <span class='ocrx_word' id='word_1_138' title='bbox 690 2637 725 2705; x_wconf 84' lang='lat' dir='ltr'>os</span> <span class='ocrx_word' id='word_1_139' title='bbox 731 2639 771 2688; x_wconf 81' lang='lat' dir='ltr'>tlte</span> <span class='ocrx_word' id='word_1_140' title='bbox 783 2637 848 2689; x_wconf 77' lang='lat' dir='ltr'>m&#39;clt.</span> 
     </span>
    </p>
   </div>
   <div class='ocr_carea' id='block_1_13' title="bbox 121 2751 1222 3134">
    <p class='ocr_par' dir='ltr' id='par_1_13' title="bbox 121 2751 1222 3134">
     <span class='ocr_line' id='line_1_23' title="bbox 122 2751 1203 2834; baseline 0 -21"><span class='ocrx_word' id='word_1_141' title='bbox 122 2767 176 2830; x_wconf 83' lang='lat'>51.</span> <span class='ocrx_word' id='word_1_142' title='bbox 189 2752 297 2833; x_wconf 77' lang='lat' dir='ltr'>*quod</span> <span class='ocrx_word' id='word_1_143' title='bbox 314 2762 484 2834; x_wconf 93' lang='lat' dir='ltr'>sumptum</span> <span class='ocrx_word' id='word_1_144' title='bbox 501 2762 601 2833; x_wconf 87' lang='lat' dir='ltr'>atque</span> <span class='ocrx_word' id='word_1_145' title='bbox 617 2752 735 2833; x_wconf 90' lang='lat' dir='ltr'>epulas</span> <span class='ocrx_word' id='word_1_146' title='bbox 750 2751 840 2815; x_wconf 94' lang='lat' dir='ltr'>uictu</span> <span class='ocrx_word' id='word_1_147' title='bbox 858 2752 1036 2833; x_wconf 92' lang='lat' dir='ltr'>praeponis</span> <span class='ocrx_word' id='word_1_148' title='bbox 1053 2753 1203 2814; x_wconf 91' lang='lat' dir='ltr'>honesto.</span> 
     </span>
     <span class='ocr_line' id='line_1_24' title="bbox 984 2851 1222 2919; baseline -0.013 -14"><span class='ocrx_word' id='word_1_149' title='bbox 984 2851 1056 2905; x_wconf 80' lang='lat' dir='ltr'>oen.</span> <span class='ocrx_word' id='word_1_150' title='bbox 1072 2853 1122 2904; x_wconf 81' lang='lat' dir='ltr'>iv.</span> <span class='ocrx_word' id='word_1_151' title='bbox 1140 2851 1180 2903; x_wconf 88' lang='lat'>16.</span> <span class='ocrx_word' id='word_1_152' title='bbox 1197 2866 1222 2919; x_wconf 77' lang='grc' dir='ltr'>ς.</span> 
     </span>
     <span class='ocr_line' id='line_1_25' title="bbox 429 2942 918 3013; baseline 0 -19"><span class='ocrx_word' id='word_1_153' title='bbox 429 2943 528 2994; x_wconf 79' lang='lat' dir='ltr'>‘Plain</span> <span class='ocrx_word' id='word_1_154' title='bbox 540 2942 624 3012; x_wconf 63' lang='lat' dir='ltr'>living</span> <span class='ocrx_word' id='word_1_155' title='bbox 636 2944 691 2994; x_wconf 81' lang='lat' dir='ltr'>and</span> <span class='ocrx_word' id='word_1_156' title='bbox 703 2943 763 3011; x_wconf 70' lang='lat' dir='ltr'>lipl</span> <span class='ocrx_word' id='word_1_157' title='bbox 777 2943 918 3013; x_wconf 61' lang='lat' dir='ltr'>thinking?</span> 
     </span>
     <span class='ocr_line' id='line_1_26' title="bbox 121 3058 1028 3134; baseline 0.002 -16"><span class='ocrx_word' id='word_1_158' title='bbox 121 3058 205 3134; x_wconf 76' lang='lat'>52.*</span> <span class='ocrx_word' id='word_1_159' title='bbox 687 3108 693 3119; x_wconf 90' lang='lat'>.</span> <span class='ocrx_word' id='word_1_160' title='bbox 719 3108 725 3120; x_wconf 92' lang='lat'>.</span> <span class='ocrx_word' id='word_1_161' title='bbox 751 3108 757 3119; x_wconf 90' lang='lat'>.</span> <span class='ocrx_word' id='word_1_162' title='bbox 782 3058 868 3120; x_wconf 92' lang='lat' dir='ltr'>bene</span> <span class='ocrx_word' id='word_1_163' title='bbox 884 3068 979 3120; x_wconf 90' lang='lat' dir='ltr'>cocto</span> <span class='ocrx_word' id='word_1_164' title='bbox 994 3067 1028 3120; x_wconf 88' lang='lat' dir='ltr'>et</span> 
     </span>
    </p>
   </div>
   <div class='ocr_carea' id='block_1_14' title="bbox 208 3147 1223 3330">
    <p class='ocr_par' dir='ltr' id='par_1_14' title="bbox 208 3147 1223 3330">
     <span class='ocr_line' id='line_1_27' title="bbox 208 3147 1043 3242; baseline 0.001 -20"><span class='ocrx_word' id='word_1_165' title='bbox 208 3147 341 3223; x_wconf 87' lang='lat' dir='ltr'>condito</span> <span class='ocrx_word' id='word_1_166' title='bbox 358 3181 510 3224; x_wconf 88' lang='lat' dir='ltr'>sermone</span> <span class='ocrx_word' id='word_1_167' title='bbox 526 3161 614 3224; x_wconf 93' lang='lat' dir='ltr'>bono</span> <span class='ocrx_word' id='word_1_168' title='bbox 631 3171 673 3235; x_wconf 91' lang='lat' dir='ltr'>et,</span> <span class='ocrx_word' id='word_1_169' title='bbox 692 3162 719 3223; x_wconf 92' lang='lat' dir='ltr'>si</span> <span class='ocrx_word' id='word_1_170' title='bbox 735 3162 876 3242; x_wconf 74' lang='lat' dir='ltr'>quaeris</span> <span class='ocrx_word' id='word_1_171' title='bbox 894 3161 1043 3224; x_wconf 89' lang='lat' dir='ltr'>libenter.</span> 
     </span>
     <span class='ocr_line' id='line_1_28' title="bbox 673 3262 1223 3330; baseline -0.005 -16"><span class='ocrx_word' id='word_1_172' title='bbox 673 3262 729 3315; x_wconf 90' lang='lat' dir='ltr'>Cic.</span> <span class='ocrx_word' id='word_1_173' title='bbox 743 3263 798 3313; x_wconf 79' lang='lat' dir='ltr'>Aee.</span> <span class='ocrx_word' id='word_1_174' title='bbox 812 3263 891 3314; x_wconf 94' lang='lat' dir='ltr'>Xlll.</span> <span class='ocrx_word' id='word_1_175' title='bbox 906 3275 948 3330; x_wconf 80' lang='grc'>52.</span> <span class='ocrx_word' id='word_1_176' title='bbox 965 3276 974 3313; x_wconf 92' lang='lat'>1</span> <span class='ocrx_word' id='word_1_177' title='bbox 988 3280 994 3326; x_wconf 79' lang='lat'>3</span> <span class='ocrx_word' id='word_1_178' title='bbox 1015 3262 1079 3314; x_wconf 81' lang='lat' dir='ltr'>Fin.</span> <span class='ocrx_word' id='word_1_179' title='bbox 1093 3262 1128 3314; x_wconf 93' lang='grc' dir='ltr'>ΙΙ.</span> <span class='ocrx_word' id='word_1_180' title='bbox 1143 3262 1167 3313; x_wconf 90' lang='grc'>8.</span> <span class='ocrx_word' id='word_1_181' title='bbox 1181 3275 1223 3325; x_wconf 88' lang='grc'>24.</span> 
     </span>
    </p>
   </div>
   <div class='ocr_carea' id='block_1_15' title="bbox 365 3436 978 3507">
    <p class='ocr_par' dir='ltr' id='par_1_15' title="bbox 365 3436 978 3507">
     <span class='ocr_line' id='line_1_29' title="bbox 365 3436 978 3507; baseline -0.002 -19"><span class='ocrx_word' id='word_1_182' title='bbox 365 3436 422 3488; x_wconf 81' lang='lat' dir='ltr'>Tlte</span> <span class='ocrx_word' id='word_1_183' title='bbox 434 3437 498 3489; x_wconf 79' lang='lat' dir='ltr'>laios</span> <span class='ocrx_word' id='word_1_184' title='bbox 510 3439 563 3489; x_wconf 75' lang='lat' dir='ltr'>clar</span> <span class='ocrx_word' id='word_1_185' title='bbox 575 3438 642 3489; x_wconf 81' lang='lat' dir='ltr'>limit</span> <span class='ocrx_word' id='word_1_186' title='bbox 653 3439 824 3506; x_wconf 79' lang='lat' dir='ltr'>expenditure</span> <span class='ocrx_word' id='word_1_187' title='bbox 838 3457 872 3490; x_wconf 83' lang='lat' dir='ltr'>on</span> <span class='ocrx_word' id='word_1_188' title='bbox 884 3438 978 3507; x_wconf 80' lang='lat' dir='ltr'>feasts.</span> 
     </span>
    </p>
   </div>
   <div class='ocr_carea' id='block_1_16' title="bbox 120 3551 1220 3720">
    <p class='ocr_par' dir='ltr' id='par_1_16' title="bbox 120 3551 1220 3720">
     <span class='ocr_line' id='line_1_30' title="bbox 120 3551 1029 3630; baseline -0.002 -15"><span class='ocrx_word' id='word_1_189' title='bbox 120 3551 206 3630; x_wconf 75' lang='lat'>53.*</span> <span class='ocrx_word' id='word_1_190' title='bbox 471 3601 477 3614; x_wconf 96' lang='lat'>.</span> <span class='ocrx_word' id='word_1_191' title='bbox 502 3602 509 3615; x_wconf 90' lang='lat'>.</span> <span class='ocrx_word' id='word_1_192' title='bbox 535 3601 542 3614; x_wconf 85' lang='lat'>.</span> <span class='ocrx_word' id='word_1_193' title='bbox 569 3553 677 3615; x_wconf 90' lang='lat' dir='ltr'>Fanni</span> <span class='ocrx_word' id='word_1_194' title='bbox 694 3554 857 3616; x_wconf 89' lang='lat' dir='ltr'>centussis</span> <span class='ocrx_word' id='word_1_195' title='bbox 874 3553 1029 3616; x_wconf 91' lang='lat' dir='ltr'>misellus.</span> 
     </span>
     <span class='ocr_line' id='line_1_31' title="bbox 677 3652 1220 3720; baseline -0.007 -14"><span class='ocrx_word' id='word_1_196' title='bbox 677 3654 748 3706; x_wconf 87' lang='lat' dir='ltr'>Gell.</span> <span class='ocrx_word' id='word_1_197' title='bbox 765 3655 801 3706; x_wconf 93' lang='lat' dir='ltr'>Il.</span> <span class='ocrx_word' id='word_1_198' title='bbox 817 3668 859 3718; x_wconf 86' lang='lat'>24-</span> <span class='ocrx_word' id='word_1_199' title='bbox 875 3668 907 3718; x_wconf 80' lang='lat'>43</span> <span class='ocrx_word' id='word_1_200' title='bbox 928 3652 1053 3706; x_wconf 87' lang='lat' dir='ltr'>Macrob.</span> <span class='ocrx_word' id='word_1_201' title='bbox 1070 3653 1121 3705; x_wconf 91' lang='lat'>111.</span> <span class='ocrx_word' id='word_1_202' title='bbox 1139 3665 1180 3717; x_wconf 86' lang='lat'>17.</span> <span class='ocrx_word' id='word_1_203' title='bbox 1196 3665 1220 3720; x_wconf 76' lang='grc' dir='ltr'>ς.</span> 
     </span>
    </p>
   </div>
   <div class='ocr_carea' id='block_1_17' title="bbox 0 0 1346 4094">
    <p class='ocr_par' dir='ltr' id='par_1_17' title="bbox 0 0 1346 4094">
     <span class='ocr_line' id='line_1_32' title="bbox 0 0 1346 4094; baseline 0 0"><span class='ocrx_word' id='word_1_204' title='bbox 0 0 1346 4094; x_wconf 95' lang='lat' dir='ltr'> </span> 
     </span>
    </p>
   </div>
  </div>
 </body>
</html>
