2684 4094
125 236 184 298 162
384 244 596 295 annonarum
617 243 664 295 or
685 242 812 294 nouxu
834 244 963 294 sanna

173 403 343 484 incompta
358 411 393 466 et
407 401 553 484 agrestia
568 411 603 466 et
617 401 750 465 horrida
762 411 882 466 cuncta
895 401 981 467 sint:
1009 426 1084 469 non
1100 408 1242 490 nuptiae

172 506 373 589 coniugales,
401 527 469 570 non
500 506 665 570 amicitiae
695 506 842 582 sociales,
874 526 942 570 non
974 507 1129 573 liberum
1163 512 1241 574 cari-

171 621 267 686 tates,
292 611 351 674 sed
377 611 522 674 enormis
546 610 717 674 conluuies
741 619 774 674 et
801 610 1028 693 squalentium
1055 613 1238 677 foederum

172 715 311 777 insuaue
334 715 525 777 fastidium!
572 714 656 778 haec
679 714 735 776 illa
757 714 900 777 uerbosa
925 723 960 777 et
987 716 1074 780 satis
1104 718 1238 781 curiosa

134 819 243 893 sauls
271 819 304 881 in
331 818 467 882 auribus
493 818 645 894 Veneris,
673 817 732 881 filii
757 817 907 881 lacerans
933 818 1235 898 existimationem,

172 923 361 1005 ganniebat.

215 1038 249 1090 at
278 1029 396 1091 Venus
430 1027 514 1090 irata
548 1027 689 1091 solidum
722 1027 887 1092 exclamat
919 1039 1085 1110 repente:
1133 1036 1234 1114 ‘ergo

172 1131 236 1194 iam
267 1131 321 1194 ille
352 1131 459 1194 bonus
493 1131 580 1194 filius
614 1151 708 1194 meus
741 1131 842 1195 habet
877 1131 1018 1194 amicam
1055 1134 1233 1217 aliquam?

172 1256 296 1317 prome,
314 1236 468 1317 agedum,
488 1256 573 1318 quae
594 1234 665 1298 sola
687 1233 770 1297 mihi
791 1235 896 1298 seruis
919 1245 1083 1313 amanter,
1106 1259 1231 1303 nomen

121 1367 148 1400 ιο
172 1339 243 1402 eius
273 1359 359 1421 quae
390 1360 529 1421 puerum
560 1339 743 1420 ingenuum
771 1348 804 1401 et
831 1338 994 1402 inuestem
1022 1340 1229 1418 sollicitauit,

172 1443 242 1505 siue
268 1443 323 1505 illa
347 1441 388 1506 de
414 1444 647 1529 Nympharum
671 1444 805 1525 populo,
823 1464 882 1506 seu
904 1443 947 1507 de
971 1444 1150 1509 Horarum
1175 1467 1231 1510 nu-

172 1568 272 1622 meru,
287 1567 345 1609 seu
361 1547 403 1610 de
421 1548 594 1609 Musarum
611 1548 722 1621 chor0,
737 1547 790 1610 uel
806 1547 848 1610 de
864 1567 1018 1610 mearum.
1031 1548 1229 1614 Gratiarum

171 1651 373 1714 ministerio!
419 1671 481 1713 nec
498 1651 619 1733 loquax
636 1650 692 1713 illa
710 1650 868 1715 conticuit
885 1651 965 1727 auis,
983 1652 1053 1728 sed,
1073 1654 1228 1730 ‘nescio'

171 1755 285 1838 inquit,
302 1755 454 1818 ‘domina
466 1776 472 1817 :
493 1764 573 1837 puto
587 1755 732 1837 puellam
742 1752 787 1837 (si
800 1755 905 1836 probe
916 1755 1062 1832 memini,
1076 1757 1229 1842 Psyches

121 1887 147 1934 ις
171 1859 304 1922 nomine
325 1859 461 1942 dicitur)
478 1859 598 1921 efflicte
621 1858 764 1940 cupere?
810 1867 891 1923 tunc
913 1859 1088 1941 indignata
1106 1861 1229 1925 Venus

171 1961 369 2026 exclamauit
385 1962 438 2025 uel
455 1962 605 2038 maxime,
625 1962 797 2048 ‘Psychen
813 1963 877 2039 ille,
894 1983 988 2027 meae
1004 1963 1138 2028 formae
1159 1985 1229 2030 suc-

171 2067 299 2142 cubam,
328 2066 394 2129 mei
423 2066 566 2129 nominis
596 2067 761 2130 aemulam
792 2087 872 2130 uere
898 2066 1013 2148 diligit.
1066 2067 1228 2132 nimirum

171 2169 251 2232 illud
274 2169 515 2233 incrementum
540 2171 650 2233 lenam
673 2190 727 2232 me
750 2171 889 2252 putauit,
914 2170 1008 2233 cuius
1034 2181 1227 2236 monstratu

171 2274 316 2355 puellam
339 2272 428 2336 illam
452 2275 690 2355 cognosceret’

118 2409 147 2440 ω
214 2395 267 2456 29.
294 2378 377 2439 haec
400 2377 561 2458 quiritans
586 2379 773 2460 properiter
795 2379 936 2460 emergit
959 2399 978 2442 e
1003 2378 1087 2441 mari
1113 2399 1228 2444 suum-

170 2501 235 2563 que
259 2480 410 2562 protinus
433 2499 569 2543 aureum
592 2481 775 2545 thalamum
799 2482 892 2564 petit,
915 2492 950 2545 et
972 2491 1115 2565 reperto,
1137 2483 1228 2548 sicut

169 2585 329 2660 audierat,
344 2594 480 2666 aegroto
496 2605 601 2666 puero
617 2585 683 2648 iarn
699 2585 776 2648 inde
793 2585 952 2649 aforibus
964 2605 1065 2669 quam
1077 2587 1227 2652 maxime

169 2688 283 2764 boans,
318 2689 498 2763 ‘honesta'
530 2688 645 2771 inquit,
682 2690 794 2766 ‘haec,
830 2699 865 2754 et
897 2689 1064 2753 natalibus
1099 2692 1227 2755 nostris

169 2792 344 2875 bonaeque
370 2801 448 2855 tuae
474 2793 565 2873 frugi
591 2793 832 2874 congruentia?
859 2803 896 2856 ut
918 2793 1061 2876 primum
1085 2793 1225 2876 quidem

117 2928 145 2974 ας
169 2906 246 2959 tuae
273 2896 430 2978 parentis,
460 2896 560 2959 immo
587 2897 741 2959 dominae
768 2908 947 2979 praecepta
974 2896 1130 2974 calcares,
1160 2919 1226 2964 nec

170 3001 310 3063 sordidis
345 2998 511 3063 amoribus
545 3000 713 3063 inimicam
748 3020 857 3063 meam
894 3000 1067 3076 cruciares,
1103 3009 1224 3066 uerum

170 3104 269 3167 etiam
300 3106 363 3167 hoc
394 3104 512 3167 aetatis
544 3125 635 3186 puer,
663 3105 729 3167 tuis
760 3104 940 3168 licentiosis
970 3114 1004 3168 et
1033 3104 1226 3170 immaturis

169 3209 325 3290 iungeres
352 3208 568 3290 amplexibus,
593 3218 630 3271 ut
656 3228 719 3291 ego
746 3229 867 3271 nurum
893 3208 1018 3272 scilicet
1042 3207 1224 3273 tolerarem

169 3313 358 3376 inimicam?
404 3312 463 3374 sed
482 3312 596 3395 utique
617 3312 810 3394 praesumis,
832 3333 923 3394 nugo
942 3322 976 3377 et
994 3323 1169 3394 corruptor
1189 3325 1225 3378 et

115 3448 146 3492 30
169 3416 363 3492 inamabilis
376 3427 410 3479 te
427 3416 533 3480 solum
550 3437 759 3498 generosum,
777 3437 839 3480 nec
855 3437 909 3480 me
921 3416 986 3479 iam
1003 3437 1064 3498 per
1074 3425 1224 3481 aetatem

169 3541 268 3603 posse
291 3521 475 3602 concipere.
529 3520 630 3583 uelim
653 3540 734 3601 ergo
758 3520 844 3583 scias
867 3521 970 3584 multo
992 3530 1026 3584 te
1049 3517 1224 3584 meliorem

169 3625 271 3688 filium
299 3624 399 3688 alium
427 3624 623 3706 genituram,
647 3623 757 3700 immo,
787 3632 824 3686 ut
849 3623 1084 3687 contumeliam
1100 3625 1225 3714 :magis
