2684 4094
494 287 688 338 rmnonrvs
709 286 864 336 nnuman
1170 293 1231 357 109

180 445 442 529 quattuordecim
465 445 524 507 fui·
570 464 632 507 nec
653 453 749 525 turpe
769 452 828 518 est,
847 443 935 525 quod
954 443 1108 507 dominus
1127 444 1227 507 iubet.

179 570 243 632 ego
259 559 371 612 tamen
389 559 422 612 et
442 549 581 630 ipsimae
602 544 791 632 [dominae]
811 546 891 610 satis
907 547 1080 611 faciebam.
1127 548 1228 625 scitis,

180 653 259 736 quid
274 653 401 717 dicam:
425 663 529 727 taceo,
547 651 624 734 quia
640 672 707 714 non
723 671 796 713 sum
813 652 854 714 de
870 650 1031 732 gloriosis.
1100 654 1154 728 76.
1180 672 1230 714 ee-

180 766 296 833 terum,
314 755 594 838 quemadmodum
616 755 649 817 di
670 755 796 829 uolunt,
814 754 967 818 dominus
988 755 1022 817 in
1043 755 1142 818 domo
1163 756 1230 819 fac-

143 890 156 936 5
180 872 233 923 tus
255 880 338 936 sum,
359 870 393 923 et
413 879 490 923 ecce
511 858 585 940 cepi
608 857 718 940 ipsimi
739 857 948 921 cerebellum.
1003 858 1082 940 quid
1106 859 1230 922 multa?

180 963 378 1027 coheredem
409 983 462 1026 me
493 962 629 1027 Caesari
666 960 755 1038 fecit,
787 971 820 1024 et
850 961 965 1043 accepi
995 962 1230 1044 patrimonium

180 1067 390 1130 laticlauium.
437 1066 561 1129 nemini
587 1075 700 1128 tamen
730 1064 812 1127 nihil
842 1064 923 1128 satis
948 1075 1007 1129 est.
1054 1066 1231 1147 concupiui

181 1171 351 1251 negotiari.
398 1191 440 1233 ne
463 1169 575 1233 multis
596 1190 657 1232 uos
682 1189 800 1244 morer,
825 1168 971 1251 quinque
995 1190 1098 1232 naues
1122 1170 1231 1233 aedifi-

181 1274 263 1350 caui‚
281 1274 418 1337 oneraui
433 1273 547 1336 uinum
557 1283 644 1336 —et
659 1283 738 1336 tunc
754 1282 827 1336 erat
842 1282 958 1336 contra
976 1273 1231 1336 aurum-misi

129 1408 157 1441 10
182 1379 334 1441 Romam.
382 1387 517 1459 putares
542 1397 595 1440 me
619 1378 681 1440 hoc
705 1377 858 1440 iussisse:
885 1397 1002 1440 omnes
1025 1398 1129 1441 naues
1152 1399 1231 1440 nau-

180 1483 364 1564 fragarum,
381 1482 519 1558 facturn,
541 1502 609 1544 non
632 1480 754 1543 fabula.
801 1501 868 1544 uno
888 1481 942 1544 die
967 1482 1147 1564 Neptunus
1169 1491 1231 1545 tre-

180 1586 306 1649 centies
341 1585 529 1648 sestertium
564 1585 745 1648 deuorauit.
804 1585 929 1666 putatis
959 1605 1013 1648 me
1043 1585 1231 1649 defecisse?

181 1710 247 1752 non
275 1689 482 1753 mehercules
509 1689 554 1751 mi
583 1690 667 1752 haec
697 1687 824 1752 iactura
854 1689 943 1770 gusti
972 1688 1046 1765 fuit,
1071 1698 1231 1771 tanquam

181 1793 262 1856 nihil
279 1793 368 1865 facti.
408 1793 530 1856 alteras
546 1792 614 1856 feci
629 1792 771 1855 maiores
787 1802 821 1855 et
836 1792 990 1856 meliores
1006 1802 1040 1855 et
1055 1792 1230 1869 feliciores,

130 1927 157 1973 ις
180 1907 217 1960 ut
239 1917 337 1960 nemo
362 1916 428 1959 non
452 1916 506 1959 me
529 1896 637 1958 uirum
660 1896 781 1959 fortem
804 1895 937 1959 diceret.
985 1896 1084 1972 scitis,
1108 1917 1232 1979 magna

180 2001 276 2063 nauis
299 2020 456 2082 magnam
480 2000 709 2063 fortitudinem
733 2000 842 2064 habet.
889 2001 1027 2064 oneraui
1050 2021 1164 2064 rursus
1187 2000 1231 2063 ui-

180 2125 270 2180 num,
302 2104 440 2179 lardum,
472 2103 595 2180 fabam,
623 2104 814 2186 seplasium‚
843 2104 1018 2188 mancipia.
1064 2104 1128 2168 hoc
1158 2106 1232 2168 loco

183 2209 368 2271 Fortunata
393 2228 464 2272 rem
491 2208 581 2290 piam
608 2208 706 2285 fecit;
740 2228 839 2271 omne
864 2208 952 2272 enim
979 2229 1096 2271 aurum
1123 2229 1230 2285 suum,

181 2311 293 2375 omnia
308 2312 508 2376 uestimenta
523 2312 673 2375 uendidit
688 2322 722 2375 et
738 2312 783 2375 mi
798 2322 933 2376 centum
949 2333 1068 2376 aureos
1083 2313 1117 2375 in
1131 2333 1231 2375 manu

128 2445 158 2477 ω
181 2417 300 2498 posuit.
347 2417 410 2480 hoc
427 2416 491 2479 fuit
509 2416 631 2498 peculii
649 2416 715 2479 mei
732 2417 944 2480 fermentum.
991 2416 1056 2480 cito
1080 2417 1124 2492 fit,
1143 2417 1231 2499 quod

180 2520 214 2584 di
236 2521 360 2584 uolunt.
408 2541 475 2584 uno
497 2540 597 2584 cursu
624 2520 750 2583 centies
773 2521 962 2584 sestertium
986 2520 1229 2585 corrotundaui.

181 2625 292 2688 statim
315 2624 442 2688 redemi
465 2625 590 2688 fundos
613 2644 739 2700 omnes,
763 2625 821 2707 qui
843 2625 976 2706 patroni
999 2625 1064 2688 mei
1087 2625 1229 2687 fuerant.

180 2729 318 2793 aedifico
349 2729 494 2804 domum,
526 2728 690 2792 uenalicia
720 2748 836 2792 coemo
870 2729 1035 2806 iumenta;
1074 2727 1231 2810 quicquid

179 2833 369 2915 tangebam,
393 2833 564 2898 crescebat
589 2842 749 2915 tanquam
776 2833 885 2896 fanus.
932 2843 1110 2915 postquam
1135 2832 1232 2914 coepi

127 2965 156 3012 25
180 2938 255 3019 plus
282 2937 414 3012 habere,
439 2957 539 3019 quam
565 2946 636 3000 tota
662 2937 770 3019 patria
794 2957 869 3000 mea
896 2937 1004 3012 habet,
1030 2957 1165 2999 manum
1189 2937 1231 3000 de

179 3041 311 3104 tabula:
347 3041 467 3105 sustuli
496 3061 549 3105 me
580 3042 622 3125 de
652 3041 879 3124 negotiatione
906 3051 939 3104 et
969 3040 1066 3122 coepi
1096 3040 1232 3104 libertos

180 3144 362 3208 faenerare.
410 3155 444 3208 et
459 3166 540 3209 sane
556 3144 725 3209 nolentem
742 3166 795 3210 me
810 3145 981 3227 negotium
1004 3165 1114 3207 meum
1130 3164 1231 3227 agere

180 3248 367 3312 exhortauit
390 3249 655 3325 mathematicus
673 3250 729 3332 qui
745 3259 882 3313 uenerat
906 3250 993 3312 forte
1015 3248 1047 3311 in
1068 3248 1231 3311 coloniam

181 3362 338 3426 nostram,
356 3353 541 3428 Graeculi0‚
563 3354 691 3435 Serapa
711 3353 854 3429 nomine,
874 3353 1065 3417 consiliator
1083 3352 1229 3415 deorum.

127 3483 158 3528 30
181 3455 234 3519 hic
258 3455 338 3518 mihi
361 3457 441 3520 dixit
464 3457 564 3521 etiam
588 3477 637 3534 ea,
655 3478 740 3540 quae
764 3457 886 3521 oblitus
910 3477 1016 3533 eram;
1041 3456 1084 3519 ab
1105 3456 1176 3520 acia
1197 3465 1231 3519 et

180 3579 242 3623 acu
259 3559 304 3622 mi
319 3561 430 3623 omnia
446 3560 616 3644 exposuit;
640 3561 815 3625 intestinas
832 3581 922 3624 meas
938 3570 1086 3635 nouerat,
1099 3569 1230 3623 tantum

179 3663 269 3746 quod
290 3663 372 3727 mihi
392 3684 459 3727 non
481 3665 618 3743 dixerat,
637 3665 717 3747 quid
739 3665 844 3748 pridie
866 3684 1073 3739 cenaueram.
1121 3673 1232 3744 putas·
