2684 4094
169 249 228 315 150
428 250 637 298 rnnonnurs
660 250 704 298 or
728 249 854 298 nonan
878 238 1029 298 sn'lrnn'

217 403 282 466 iam
312 405 378 467 iam
402 426 531 467 sursum
556 405 698 487 respicit,
723 415 757 469 et
780 406 877 468 deam
901 406 1004 487 spirat
1028 405 1159 480 mulier,
1186 427 1273 488 quae

215 530 314 572 uoces
338 508 475 572 ancillas
500 510 600 571 habet
623 519 656 571 et
679 509 788 572 uentis
811 510 892 591 ipsis
916 510 1091 591 imperitat.
1145 519 1181 573 at
1206 531 1272 592 ego

216 614 335 675 misera
363 613 505 694 primum
537 622 631 694 patre
663 615 736 675 meo
769 613 932 676 seniorem
964 613 1119 676 maritum
1153 617 1272 678 sortita

215 737 297 791 sum,
320 716 396 778 dein
420 716 591 778 cucurbita
614 716 791 779 caluiorem
815 728 848 779 et
871 717 989 799 quouis
1014 738 1119 799 puero
1146 718 1272 799 pusilli-

177 849 189 894 5
215 840 313 892 orem,
332 829 486 882 cunctam
514 820 648 882 domum
673 820 754 882 seris
778 830 810 882 et
838 821 964 883 catenis
987 821 1136 884 obditam
1162 833 1272 885 custo-

214 922 380 986 dientem'

261 1047 311 1092 10.
338 1027 475 1109 suscipit
492 1028 573 1090 alia:
602 1034 683 1109 ‘ego
699 1048 779 1090 uero
795 1029 948 1091 maritum
973 1029 1142 1091 articulari
1167 1030 1271 1093 etiam

214 1132 328 1194 morbo
350 1131 583 1212 complicatum
602 1142 842 1213 curuatumque
865 1153 903 1194 ac
928 1152 987 1213 per
1009 1133 1071 1194 hoc
1096 1132 1272 1196 rarissimo

214 1255 370 1298 uenerem
387 1255 495 1297 meam
512 1236 714 1298 recolentem
731 1235 888 1310 sustineo,
905 1236 1099 1316 plerumque
1117 1236 1272 1302 detortos

72 1381 75 1385 Δ
162 1362 190 1395 10
213 1350 246 1401 et
269 1340 405 1402 duratos
428 1339 461 1401 in
485 1339 629 1421 lapidem
653 1339 775 1420 digitos
799 1339 870 1401 eius
893 1339 1087 1421 perfricans,
1105 1339 1273 1404 fomentis

214 1443 308 1506 olidis
318 1453 352 1506 et
364 1443 483 1524 pannis
494 1442 634 1505 sordidis
647 1452 680 1505 et
691 1443 824 1506 faetidis
837 1443 1132 1524 cataplasmatibus
1146 1464 1273 1524 manus

213 1557 281 1610 tam
297 1548 456 1610 delicatas
471 1548 551 1609 istas
568 1548 720 1622 adurens
738 1568 800 1610 nec
816 1548 926 1610 uxoris
943 1547 1122 1609 officiosam
1142 1549 1271 1611 faciem

214 1652 272 1713 sed
289 1652 436 1713 medicae
453 1650 649 1713 laboriosam
667 1671 843 1731 personam
861 1651 1036 1713 sustinens.
1091 1660 1125 1713 et
1144 1659 1183 1713 tu
1201 1652 1273 1733 qui-

213 1755 298 1830 dem,
331 1775 431 1829 soror,
464 1754 594 1830 uideriS,
623 1776 722 1837 quam
753 1754 902 1836 patienti,
930 1755 982 1816 uel
1010 1753 1121 1835 potius
1153 1756 1272 1818 seruili

162 1880 188 1926 15
212 1855 335 1941 (dicam
359 1858 447 1920 enim
471 1857 572 1920 libere
596 1858 686 1940 quod
709 1859 832 1942 sentio)
850 1859 932 1920 haec
956 1858 1107 1939 perieras
1131 1859 1270 1922 animo:

213 1962 301 2023 enim
325 1983 403 2024 uero
432 1983 494 2042 ego
522 1982 652 2043 nequeo
680 1962 843 2024 sustinere
870 1961 1007 2024 ulterius
1033 1971 1101 2023 tam
1129 1961 1270 2025 beatam

212 2066 381 2128 fortunam
407 2066 600 2146 conlapsam
625 2066 790 2147 indignae.
845 2066 1019 2129 recordare
1046 2065 1133 2127 enim
1163 2087 1269 2147 quam

213 2170 368 2250 superbe,¹
383 2190 481 2251 quam
499 2170 700 2250 adroganter
716 2169 888 2233 nobiscum
906 2169 1019 2250 egerit,
1031 2179 1064 2232 et
1076 2169 1150 2250 ipsa
1167 2169 1270 2234 iacta-

212 2273 301 2336 tione
317 2273 502 2336 inmodicae
519 2274 750 2337 ostentationis
765 2283 949 2337 tumentem
966 2293 1062 2335 suum
1079 2273 1269 2354 prodiderit

160 2401 189 2432 20
212 2377 368 2454 animum,
393 2378 500 2459 deque
523 2377 625 2440 tantis
648 2377 771 2440 diuitiis
795 2377 913 2458 exigua
938 2377 1034 2439 nobis
1062 2376 1167 2438 inuita
1192 2399 1269 2459 pro-

212 2480 333 2557 iecerit,
347 2481 589 2562 confestimque
609 2481 798 2562 praesentia
815 2491 927 2543 nostra
943 2490 1091 2561 grauata,
1110 2482 1267 2562 propelli,

212 2595 245 2648 et
273 2585 384 2660 efflari,
409 2585 639 2667 exsibilarique
667 2606 728 2648 nos
751 2585 890 2647 iusserit.
949 2605 1011 2648 nec
1035 2605 1108 2648 sum
1132 2585 1266 2663 mulier,

212 2709 273 2752 nec
305 2689 438 2752 omnino
466 2689 564 2770 spiro,
590 2689 653 2752 nisi
680 2711 753 2752 eam
782 2710 916 2771 pessum
944 2689 986 2751 de
1013 2688 1114 2751 tantis
1141 2689 1268 2770 opibus

211 2793 370 2856 deiecero.
426 2814 474 2870 ac,
500 2793 527 2856 si
550 2793 610 2856 tibi
636 2793 745 2869 etiam,
770 2803 806 2855 ut
833 2814 894 2873 par
916 2803 975 2867 est,
1000 2792 1125 2856 inacuit
1148 2803 1268 2856 nostra

160 2920 187 2965 25
211 2897 419 2974 contumelia,
437 2897 609 2960 consilium
626 2898 772 2959 ualidum
788 2897 994 2979 requiramus
1010 2896 1136 2958 ambae.
1186 2896 1268 2959 iam-

212 3022 275 3083 que
291 3001 354 3064 ista
370 3021 455 3083 quae
472 3001 610 3064 ferimus
626 3022 693 3064 non
710 3001 903 3082 parentibus
922 3001 1043 3063 nostris
1062 3020 1101 3062 ac
1120 3020 1183 3062 nec
1206 3001 1268 3063 ulli

150 3109 153 3115 ’
212 3115 434 3168 monstremus
458 3105 530 3182 alii;
556 3105 657 3168 immo
680 3126 743 3168 nec
767 3105 902 3168 omnino
926 3104 1102 3187 quicquam
1124 3103 1166 3166 de
1190 3104 1267 3168 eius

212 3210 317 3272 salute
334 3198 489 3272 norimusss
537 3219 588 3273 sat
604 3219 654 3272 est
670 3210 759 3291 quod
771 3209 864 3290 ipsae
877 3209 1019 3271 uidimus
1036 3228 1120 3290 quae
1137 3207 1267 3273 uidisse

212 3313 382 3395 paenituit,
400 3314 522 3375 nedum
539 3323 576 3376 ut
592 3313 796 3394 genitoribus
816 3323 849 3376 et
868 3313 1021 3375 omnibus
1041 3311 1173 3393 populis
1192 3320 1266 3375 tam

158 3445 188 3490 30
210 3416 345 3480 beatum
376 3418 447 3480 eius
478 3418 672 3481 differamus
699 3416 922 3498 praeconium.
972 3437 1033 3478 nec
1064 3424 1141 3478 sunt
1171 3415 1266 3479 enim

210 3521 300 3584 beati
315 3542 455 3604 quorum
473 3521 605 3584 diuitias
622 3542 718 3583 nemo
736 3520 836 3583 nouit.
885 3520 967 3583 sciet
984 3540 1019 3582 se
1036 3540 1102 3582 non
1124 3519 1267 3584 ancillas

168 3660 171 3665 ·
211 3625 268 3688 sed
298 3646 426 3688 sorores
454 3626 576 3688 habere
602 3625 752 3688 maiores
809 3634 842 3688 et
869 3645 958 3687 nunc
989 3622 1122 3706 quidem
1147 3642 1268 3688 conce-
