2684 4094
581 267 751 316 Arvrurvs
954 277 957 280 ·
1159 277 1219 338 141

165 444 395 506 quaecumque
418 433 478 500 est,
501 444 593 488 meos
617 426 759 488 honores
783 425 1002 507 usurpauerit.
1049 426 1115 489 iam
1140 428 1218 490 faxo

108 523 113 532 ’
166 527 264 590 huius
279 548 353 590 eam
369 528 473 609 ipsius
489 528 633 591 inlicitae
648 528 891 591 formonsitatis
907 529 1096 611 paeniteat’

209 641 243 694 et
264 641 363 695 uocat
382 632 561 694 confestim
583 653 721 713 puerum
741 653 848 707 suum,
871 633 1046 714 pinnatum
1070 635 1160 698 illum
1185 646 1218 698 et

166 735 246 798 satis
258 736 479 810 temerarium,
496 736 553 817 qui
569 736 665 798 malis
681 736 750 798 suis
771 736 917 799 moribus
938 747 1133 821 contempta
1156 740 1218 803 dis-

128 868 142 914 5
166 839 288 920 ciplina
307 839 447 920 publica,
466 839 608 901 flammis
626 849 660 902 et
679 840 809 920 sagittis
834 849 991 917 armatus
1009 862 1070 924 per
1092 844 1217 908 alienas

166 944 285 1006 domus
301 952 398 1006 nocte
415 943 603 1005 discurrens
620 952 653 1005 et
674 943 821 1006 omnium
843 944 1054 1008 matrimonia
1076 967 1218 1010 corrum-

167 1067 259 1128 penS,
284 1046 421 1127 impune
448 1046 624 1109 committit
650 1056 744 1109 tanta
770 1047 896 1129 flagitia
923 1059 956 1112 et
980 1050 1062 1112 nihil
1085 1053 1218 1132 prorsus

167 1150 245 1212 boni
275 1150 364 1212 facit.
421 1151 519 1225 hunc,
544 1171 746 1233 quamquam
773 1152 920 1232 genuina
947 1153 1080 1216 licentia
1106 1176 1219 1237 proca-

167 1274 249 1328 cem,
278 1253 389 1316 uerbis
420 1274 551 1336 quoque
582 1254 720 1336 insuper
751 1255 899 1319 stimulat
929 1266 962 1319 et
993 1258 1146 1339 perducit
1176 1260 1218 1324 ad

118 1387 145 1420 ιο
167 1358 256 1420 illam
280 1357 458 1433 ciuitatem,
487 1368 521 1420 et
549 1359 702 1443 Psychen
725 1354 808 1443 (hoc
833 1360 921 1423 enim
949 1362 1084 1425 nomine
1107 1363 1219 1444 puella

168 1461 439 1542 nuncupabatur)
453 1482 564 1525 coram
581 1462 734 1525 ostendit.
803 1482 857 1539 31.
884 1474 917 1526 et
932 1474 1002 1527 tota
1017 1465 1074 1528 illa
1091 1467 1219 1547 perlata

169 1567 210 1628 de
226 1565 467 1628 formonsitatis
483 1566 704 1630 aemulatione
721 1567 847 1643 fabula,
861 1587 1000 1648 gemens
1017 1589 1055 1631 ac
1071 1571 1219 1634 fremens

168 1669 407 1749 indignatione,
431 1675 517 1750 ‘per,
540 1689 614 1750 ego,
639 1671 692 1746 te,’
717 1670 832 1753 inquit,
859 1677 1050 1736 ‘maternae
1073 1674 1219 1737 caritatis

169 1773 307 1836 foedera
326 1773 495 1854 deprecor,
517 1793 577 1854 per
595 1784 673 1837 tuae
697 1775 838 1855 sagittae
860 1776 969 1839 dulcia
992 1777 1140 1853 uulnera,
1162 1798 1222 1859 per

118 1905 145 1951 15
169 1876 322 1939 flammae
338 1876 434 1939 istius
450 1877 592 1941 mellitas
608 1877 773 1954 uredines,
791 1879 971 1941 uindictam
992 1891 1069 1944 tuae
1092 1882 1221 1963 parenti

170 1981 228 2043 sed
252 1981 386 2062 plenam
413 1981 530 2057 tribue,
559 1991 593 2044 et
620 1981 653 2044 in
681 1982 962 2064 pulchritudinem
990 1995 1219 2048 contumacem

169 2094 362 2147 reuerenter
386 2085 527 2160 uindica,
554 2085 653 2167 idque
680 2107 784 2149 unum
815 2096 848 2149 et
879 2107 939 2168 pro
971 2088 1123 2151 omnibus
1154 2090 1221 2152 uni-

169 2209 245 2251 cum
262 2189 378 2251 uolens
394 2188 497 2251 effici:
520 2189 615 2270 uirgo
631 2190 694 2253 ista
710 2210 821 2253 amore
837 2190 1094 2271 flagrantissimo
1111 2202 1222 2254 tenea-

169 2302 223 2355 tur
246 2293 389 2356 hominis
416 2294 563 2368 extremi,
588 2314 687 2375 quem
714 2303 748 2356 et
775 2293 945 2374 dignitatis
974 2305 1007 2356 et
1034 2296 1222 2376 patrimonii

118 2426 147 2457 ω
170 2396 268 2460 simul
287 2407 320 2459 et
343 2397 579 2461 incolumitatis
603 2398 706 2478 ipsius
730 2398 866 2460 fortuna
889 2398 1069 2474 damnauit,
1087 2409 1221 2480 tamque

170 2501 291 2563 infirmi
310 2511 346 2564 ut
365 2521 425 2583 per
446 2511 553 2565 totum
573 2501 687 2564 orbem
708 2522 776 2564 non
795 2501 944 2564 inueniat
966 2501 1118 2565 miseriae
1142 2523 1221 2565 suae

170 2607 382 2687 comparem'

214 2710 261 2772 sic
284 2710 388 2772 effata
412 2719 446 2772 et
469 2709 590 2772 osculis
614 2708 782 2771 hiantibus
806 2709 910 2771 filium
929 2708 985 2771 diu
1009 2729 1047 2771 ac
1071 2710 1220 2791 pressule

171 2813 308 2888 sauiata‚
341 2814 508 2894 proximas
538 2834 613 2875 oras
645 2812 738 2875 reflui
770 2802 881 2874 litoris
908 2813 999 2893 petit,
1032 2813 1220 2895 plantisque

118 2944 145 2989 ας
170 2917 273 2979 roseis
297 2917 498 2979 uibrantium
524 2917 684 2979 fluctuum
709 2936 838 2978 summo
862 2935 936 2978 rore
960 2916 1096 2992 calcato,
1144 2938 1220 2980 ecce

170 3020 235 3083 iam
253 3021 412 3102 profundi
428 3021 527 3082 maris
544 3021 626 3083 sudo
648 3019 770 3082 resedit
790 3019 923 3095 uertice,
941 3028 975 3081 et
995 3019 1114 3100 ipsum,
1132 3023 1220 3102 quod

171 3124 286 3206 incipit
302 3125 396 3199 uelle,
411 3125 441 3187 ei
457 3124 567 3186 statim
584 3123 679 3205 quasi
695 3123 825 3204 pridem
842 3123 1058 3205 praeceperit,
1072 3144 1139 3186 non
1156 3145 1221 3185 mo-

171 3238 262 3291 ratur
277 3229 441 3291 marinum
461 3227 667 3310 obsequium.
715 3228 837 3289 adsunt
857 3226 959 3289 Nerei
978 3227 1064 3288 filiae
1084 3229 1220 3290 chorum

170 3341 338 3407 canentes
356 3341 389 3394 et
407 3333 572 3394 Portunus
590 3331 729 3394 caerulis
745 3330 857 3393 barbis
877 3330 1036 3411 hispidus,
1055 3340 1088 3393 et
1109 3332 1222 3411 grauis

118 3462 148 3506 30
171 3436 303 3517 piscoso
323 3436 396 3499 sinu
417 3435 556 3510 Salacia,
574 3445 608 3498 et
626 3434 742 3515 auriga
761 3435 920 3516 paruulus
942 3434 1092 3515 delphini
1113 3437 1223 3498 Palae-

172 3560 258 3602 mon.
297 3539 362 3602 iam
374 3539 498 3620 passim
511 3538 614 3600 maria
628 3539 851 3619 persultantes
860 3537 1036 3599 Tritonum
1049 3548 1221 3615 cateruae;

172 3644 225 3706 hic
248 3644 377 3707 concha
400 3643 514 3706 sonaci
537 3642 654 3705 leniter
676 3641 833 3704 bucinat:
864 3641 918 3704 ille
944 3641 1049 3704 serico
1074 3642 1223 3722 tegmine
