2684 4094
136 228 196 318 '134
396 251 607 299 rnncnnnrs
630 251 675 299 or
698 250 824 300 nonan
848 252 975 302 sanun
1047 287 1051 295 .

401 407 496 469 iussit
512 417 545 470 et
561 407 670 488 ipsum
687 428 775 470 noua
794 409 968 471 Romanae

401 510 472 573 iura
488 511 612 574 securis
628 520 769 574 tremere
787 511 970 576 Oceanum.

400 615 521 678 deflete
536 615 653 691 uirum,
671 635 736 697 quo
753 636 820 678 non
837 616 921 679 alius

400 718 508 800 potuit
523 718 762 792 citius,discerc
778 740 906 796 causas,

400 843 467 885 una
483 832 613 885 tantum
629 832 724 904 parte
740 823 862 900 audita,

400 947 500 1009 saepe
517 946 559 989 ne
576 936 658 989 utra.
706 927 780 1009 quis
796 948 885 990 nunc
902 928 1000 992 iudex

400 1039 471 1094 toto
486 1027 560 1093 lit'es
577 1031 689 1094 audiet
705 1032 816 1094 anno?

400 1134 460 1196 tibi
476 1134 541 1197 iarn
557 1135 653 1197 cedet
669 1135 747 1197 sede
764 1135 888 1211 relicta,

401 1239 457 1320 qui
473 1239 530 1301 dat
546 1238 670 1319 populo
686 1238 757 1301 iura
773 1239 892 1315 silenti,

401 1343 542 1406 Cretaea
557 1352 675 1405 tenens
692 1343 815 1424 oppida
830 1353 974 1407 centum.

401 1446 528 1508 caedite
546 1446 682 1508 maestis
699 1456 834 1527 pectora
850 1447 979 1529 palmis,

402 1570 421 1612 o
438 1550 603 1624 causidici,
622 1550 739 1613 uenale
756 1569 873 1630 genus.

402 1674 528 1735 uosque
545 1664 664 1734 poetae
680 1654 792 1734 lugete
808 1654 895 1730 noui,

402 1777 528 1838 uosque
546 1758 578 1818 in
596 1757 709 1838 primis
725 1757 781 1838 qui
797 1778 958 1822 concusso

133 1890 161 1938 15
403 1880 525 1940 magna
541 1861 682 1941 parastis
698 1863 789 1924 lucra
805 1861 938 1925 fritillo!

187 2087 238 2144 13.
265 2068 491 2132 delectabatur
505 2068 658 2131 laudibus
682 2068 750 2131 suis
770 2068 930 2133 Claudius
946 2078 980 2132 et
995 2069 1152 2151 cupiebat
1167 2070 1240 2133 diu-

185 2174 249 2237 tius
284 2182 443 2254 spectare.
499 2172 592 2234 inicit
621 2172 667 2234 illi
698 2193 833 2235 manum
864 2173 1063 2258 Talthybius
1094 2173 1239 2236 deorum

189 2274 360 2362 [nuntius]
380 2285 413 2340 et
435 2276 537 2339 trahit
559 2276 668 2357 capite
691 2276 858 2352 obuoluto,
876 2297 919 2340 ne
942 2277 1015 2359 quis
1034 2297 1111 2340 eum
1128 2279 1239 2358 possit

184 2401 376 2462 agnoscere,
401 2401 461 2462 per
484 2400 638 2461 campum
664 2380 832 2457 Martium,
857 2390 891 2444 et
915 2381 1000 2444 inter
1015 2381 1175 2444 >Tiberim
1202 2393 1239 2446 et

130 2519 161 2551 ω
184 2487 272 2548 uiam
302 2495 424 2548 tectam
455 2484 628 2547 descendit
658 2484 700 2546 ad
730 2484 865 2548 inferos.
913 2495 1138 2548 antecesserat
1167 2485 1236 2549 iam

184 2589 430 2670 compendiaria
451 2588 628 2655 Narcissus
651 2587 787 2651 libertus
809 2588 851 2651 ad
873 2598 1050 2670 patronum
1070 2587 1237 2670 excipien-

184 2694 262 2755 dum
286 2703 320 2756 et
343 2692 490 2754 uenienti
512 2691 646 2766 nitidus,
671 2700 707 2754 ut
730 2700 801 2754 erat
824 2712 844 2754 a
866 2691 1008 2768 balineo,
1033 2692 1176 2755 occurrit
1199 2703 1237 2756 et

183 2797 247 2859 ait:
273 2796 370 2879 ‘quid
387 2797 420 2858 di
435 2797 478 2859 ad
495 2795 645 2858 homines
657 2796 687 2858 ?'
735 2796 904 2859 ‘celerius’
922 2796 1029 2878 inquit
1045 2796 1235 2860 Mercurius

184 2907 235 2964 ‘et
260 2901 373 2964 uenire
399 2921 460 2963 nos
485 2899 621 2963 nuntia!
668 2899 756 2963 dicto
781 2900 877 2963 citius
906 2901 1083 2964 Narcissus
1110 2901 1232 2964 euolat.

130 3037 157 3084 25
182 3005 293 3068 omnia
317 3003 476 3086 procliuia
500 3013 587 3078 sunt,
604 3003 703 3066 facile
723 3004 944 3067 descenditur.
992 3004 1103 3086 itaque
1119 3024 1235 3086 quam-

182 3110 232 3172 uis
260 3108 461 3191 podagricus
489 3118 587 3182 esset,
616 3118 784 3172 momento
815 3108 975 3189 temporis
1007 3107 1159 3190 peruenit
1189 3110 1233 3171 ad

182 3213 315 3276 ianuam
341 3213 438 3287 Ditis,
457 3212 513 3274 ubi
535 3212 665 3275 iacebat
689 3212 852 3277 Cerberus
877 3212 930 3275 uel
949 3221 986 3274 ut
1004 3212 1049 3275 ait
1071 3211 1234 3275 Horatius

183 3318 298 3380 ‘belua
314 3314 502 3397 centiceps!
550 3316 707 3397 pusillum
724 3316 1165 3398 perturbatur-subalbam
1182 3337 1235 3379 ca·

181 3443 258 3484 nem
275 3421 307 3484 in
325 3421 449 3483 deliciis
467 3420 589 3483 habere
603 3420 854 3482 adsueuerat-
864 3429 900 3482 ut
915 3420 1007 3482 illum
1020 3420 1102 3482 uidit
1114 3440 1233 3482 canem

128 3561 157 3605 30
181 3526 323 3607 nigrum,
349 3525 513 3598 uillosum‚
539 3543 619 3586 sane
643 3544 709 3586 non
734 3544 832 3607 quem
857 3524 939 3586 uelis
961 3523 1020 3587 tibi
1036 3524 1069 3585 in
1085 3523 1234 3587 tenebris

182 3650 362 3696 occurrere.
410 3637 443 3692 et
473 3648 596 3712 magna
623 3647 705 3691 uoce
730 3628 924 3695 ‘Claudius'
949 3628 1056 3714 inquit
1080 3627 1231 3691 ‘ueniet’
