2684 4094
142 239 203 303 106
402 242 612 297 smounms
629 218 681 298 ‘or
704 248 830 296 nonin
853 248 979 297 simas

190 404 310 466 imitari
333 413 366 466 et
390 403 529 466 subinde
553 404 723 465 dominum
748 424 843 466 suum
862 405 1040 485 sponsione
1057 426 1244 487 prouocare

193 508 238 570 ‘si
255 507 408 589 prasinus
424 507 581 589 proximis
597 507 799 569 circensibus
817 509 956 588 primam
974 509 1139 590 palmam’

235 629 289 688 71.
315 610 458 673 diffusus
472 612 532 673 hac
545 611 758 673 contentione
771 611 972 674 Trimalchio
987 611 1118 675 ‘amici'
1132 613 1244 696 inquit

193 721 244 778 ‘et
267 715 355 777 serui
375 714 529 777 homines
553 723 630 776 sunt
647 723 680 776 et
696 735 801 797 aeque
821 736 924 777 unum
941 716 1059 778 lactem
1076 716 1241 794 biberunt,

154 847 168 896 5
191 819 291 882 etiam
315 818 342 881 si
365 818 438 881 illos
461 819 568 880 malus
592 819 682 880 fatus
706 818 880 899 oppressit.
927 828 1040 882 tamen
1069 841 1121 883 me
1147 821 1242 885 saluo

192 923 256 986 cito
287 943 407 1004 aquam
438 921 575 984 liberam
607 922 798 1004 gustabunt.
846 923 888 985 ad
917 919 1091 999 summam,
1124 946 1243 989 omnes

191 1026 265 1089 illos
288 1026 321 1088 in
345 1035 546 1089 testamento
568 1045 642 1088 meo
660 1046 761 1088 manu
778 1025 881 1089 mitto.
930 1028 1123 1112 Philargyro
1140 1029 1242 1091 etiam

192 1131 334 1193 fundum
362 1130 438 1211 lego
462 1139 495 1192 et
519 1129 790 1193 contubernalem
818 1151 921 1207 suam,
947 1132 1080 1195 Carioni
1107 1155 1242 1216 quoque

192 1234 334 1297 insulam
350 1244 384 1297 et
399 1233 590 1297 uicesimam
606 1243 640 1296 et
654 1233 777 1296 lectum
793 1243 942 1297 stratum.
989 1256 1066 1298 nam
1081 1239 1245 1301 Fortuna-

141 1366 170 1401 10
193 1348 261 1401 tam
285 1358 392 1400 meam
418 1337 574 1401 heredem
598 1337 695 1413 facie,
713 1347 746 1400 et
764 1339 960 1402 commendo
982 1339 1070 1402 illam
1087 1341 1244 1404 omnibus

193 1441 307 1505 amicis
323 1441 414 1505 meis.
455 1451 489 1504 et
504 1443 587 1504 haec
604 1441 678 1504 ideo
695 1441 806 1504 omnia
822 1443 963 1523 publico,
978 1454 1014 1507 ut
1030 1445 1155 1507 familia
1167 1466 1244 1508 mea

193 1546 258 1608 iam
289 1566 378 1610 nunc
409 1545 456 1609 sic
487 1564 540 1609 me
571 1555 661 1609 amet
690 1555 849 1627 tanquam
883 1550 1070 1610 mortuum’
1117 1550 1244 1630 gratias

193 1670 294 1731 agere
321 1669 437 1712 omnes
464 1649 691 1732 indulgentiae
718 1661 898 1732 coeperant
925 1652 1058 1724 domini,
1084 1674 1160 1717 cum
1187 1653 1244 1716 ille

193 1755 315 1817 oblitus
342 1773 505 1835 nugarum
533 1755 702 1835 exemplar
725 1755 917 1817 testamenti
944 1755 1038 1818 iussit
1066 1756 1179 1818 afferri
1210 1767 1244 1820 et

144 1886 169 1932 15
193 1868 300 1922 totum
323 1879 343 1921 a
366 1858 473 1940 primo
494 1858 537 1920 ad
558 1858 709 1921 ultimum
725 1857 972 1939 ingemescente
988 1860 1114 1922 familia
1129 1861 1244 1924 recita-

194 1963 250 2026 uit.
297 1962 480 2044 respiciens
506 1961 627 2025 deinde
660 1961 854 2024 Habinnam
883 1963 979 2044 ‘quid
1008 1964 1106 2026 dicis'
1136 1965 1244 2046 inquit

196 2066 319 2130 ‘amice
342 2065 534 2130 carissime?
562 2066 716 2129 aedificas
741 2075 993 2129 monumentum
1019 2088 1139 2143 meum,
1166 2090 1244 2150 que-

195 2171 408 2234 madmodum
432 2180 466 2233 te
488 2170 591 2233 iussi?
615 2169 713 2232 ualde
728 2178 761 2232 te
777 2190 868 2250 rogo,
887 2181 923 2232 ut
939 2172 1121 2234 secundum
1138 2173 1243 2253 pedes

194 2284 324 2338 statuae
345 2293 440 2337 meae
461 2274 614 2338 catellam
635 2293 742 2355 ponas
761 2282 794 2335 et
815 2294 955 2337 coronas
971 2284 1004 2337 et
1020 2286 1191 2356 unguenta
1210 2287 1244 2340 et

142 2407 171 2439 ω
196 2377 348 2442 Petraitis
371 2397 487 2440 omnes
510 2397 652 2459 pugnas,
670 2386 706 2439 ut
725 2377 805 2439 mihi
821 2378 992 2459 contingat
1008 2388 1065 2441 tuo
1080 2379 1243 2444 beneficio

195 2492 272 2564 post
294 2491 434 2545 mortem
457 2481 588 2556 uiuere;
618 2490 790 2563 praeterea
813 2490 849 2543 ut
873 2481 939 2544 sint
959 2482 992 2544 in
1012 2483 1123 2546 fronte
1139 2484 1243 2564 pedes

195 2596 337 2661 centum,
364 2585 398 2648 in
426 2605 544 2666 agrum
571 2584 675 2667 pedes
702 2584 845 2648 ducenti.
893 2605 991 2648 omne
1019 2607 1126 2667 genus
1153 2587 1242 2649 enim

195 2711 295 2772 poma
317 2690 393 2752 uolo
410 2689 475 2751 sint
491 2688 578 2752 circa
594 2687 722 2751 cineres
739 2708 839 2764 meos,
858 2699 891 2752 et
908 2689 1080 2752 uinearum
1097 2691 1241 2771 largiter.

196 2794 293 2856 ualde
317 2793 405 2856 enim
429 2793 552 2855 falsum
576 2802 626 2855 est
649 2791 727 2855 uiuo
749 2792 882 2874 quidem
901 2793 1018 2856 domos
1034 2794 1140 2856 cultas
1158 2815 1242 2869 esse,

143 2923 171 2970 25
195 2918 263 2960 non
291 2897 398 2961 curari
422 2917 488 2972 eas,
506 2895 563 2959 ubi
589 2895 712 2959 diutius
739 2896 834 2959 nobis
862 2896 1078 2960 habitandum
1104 2909 1162 2964 est.
1209 2910 1244 2961 et

195 3001 269 3064 ideo
282 3010 359 3064 ante
372 3001 483 3063 omnia
496 2999 581 3063 adici
596 3000 689 3063 uolo:
711 3000 800 3063 “hoc
816 3011 1069 3065 monumentum
1087 3003 1242 3066 heredem

196 3125 263 3168 non
287 3104 465 3186 sequitur.'’
512 3113 658 3167 ceterum
681 3103 743 3166 erit
764 3103 845 3165 mihi
866 3124 973 3178 curae,
992 3114 1028 3167 ut
1043 3114 1244 3169 testamento

196 3229 342 3283 caueam,
375 3228 417 3270 ne
450 3218 600 3270 mortuus
633 3207 786 3270 iniuriam
820 3207 990 3289 accipiam.
1037 3229 1243 3290 praeponam

196 3313 284 3375 enim
316 3333 418 3375 unum
442 3332 482 3373 ex
505 3311 629 3374 libertis
654 3311 807 3392 sepulcro
835 3332 909 3374 meo
935 3313 1105 3376 custodiae
1132 3334 1242 3389 causa,

143 3444 173 3489 30
196 3437 239 3479 ne
269 3416 303 3479 in
334 3424 585 3478 monumentum
618 3434 728 3477 meum
761 3414 905 3496 populus
939 3425 1090 3478 cacatum
1123 3429 1242 3480 currat.

196 3530 229 3585 te
252 3540 342 3600 rogo,
361 3529 397 3583 ut
416 3539 520 3582 naues
540 3518 639 3580 etiam
837 3519 1043 3583 monumenti
1059 3520 1124 3583 mei
1139 3521 1245 3584 facias

197 3623 304 3707 plenis
327 3623 410 3686 uelis
433 3631 560 3698 euntes,
584 3631 618 3684 et
641 3642 693 3684 me
717 3621 749 3684 in
773 3622 931 3687 tribunali
954 3622 1124 3686 sedentem
1154 3644 1246 3705 prae·
