2684 4094
113 194 156 274 64
377 206 589 255 rnncmnurs
612 206 657 255 or
680 205 806 256 noman
830 206 956 255 snrmn
1016 187 1024 192 ’

397 358 421 410 Α
434 359 513 428 plain
525 359 591 429 roos
599 360 621 411 is
634 360 712 412 better
723 361 787 411 than
799 376 816 411 a
825 360 932 428 palace.

116 497 190 554 133.
232 540 235 547 ,
267 477 301 540 in
318 478 470 541 cubiculo
486 478 629 542 dormire
647 480 779 541 mallem
796 477 967 560 simplicei,
985 488 1083 560 potus
1101 481 1221 543 uinum

223 602 333 646 meum
351 582 520 659 cibarium,
538 603 637 665 quam
654 582 766 664 regiae
782 581 936 645 dominus
952 582 1074 646 cubare
1091 583 1123 644 in
1148 633 1153 645 .
1179 635 1184 645 .
1212 635 1218 646 .

1029 686 1102 737 Non.
1116 700 1160 753 93.
1178 700 1219 737 11.

268 792 307 845 To
320 792 370 845 live
383 793 528 861 accordinq
541 801 565 845 to
579 793 634 843 ‘tle
646 792 742 860 qolden
755 792 845 844 ntean'
859 792 882 843 is
895 799 919 845 to
931 792 982 844 live
994 793 1059 844 well.

116 931 188 989 134.
266 932 334 973 non
352 932 409 975 eos
429 922 565 993 optume
587 911 708 974 uixisse
730 910 787 992 qui
808 910 993 975 diutissime
1016 911 1137 986 uixent,
1157 914 1217 975 sed

194 1043 198 1050 ¹
222 1016 279 1097 qui
295 1015 547 1079 modestissime.
1029 1043 1102 1095 Non,
1117 1056 1159 1110 55,
1174 1057 1217 1111 ²9·

116 1175 189 1236 135.
223 1156 302 1239 quid
319 1157 407 1220 aliud
424 1167 474 1219 est
491 1157 580 1238 quod

268 1266 275 1292 ‘
288 1261 452 1342 Delphice
469 1259 558 1323 canlt
574 1260 729 1334 columna
744 1257 861 1324 lltteris
877 1258 946 1323 suls
956 1255 1067 1340 ”Apav

268 1359 385 1441 Μηθέν
396 1365 401 1388 ’

223 1488 323 1551 quam
340 1489 400 1530 nos
416 1468 528 1531 facere
544 1467 587 1530 ad
604 1467 777 1530 mortalem
793 1467 937 1542 modum,
957 1467 1192 1544 ‘medioxime,’

175 1597 188 1650 5
224 1580 260 1634 ut
276 1571 444 1654 quondam
461 1581 573 1653 patres
589 1571 693 1633 nostri
709 1571 950 1652 loquebantur?

763 1674 835 1725 Non.
853 1686 909 1737 ¹41·
922 1688 955 1740 33
976 1672 1050 1725 Paul.
1065 1673 1138 1726 Fest.
1155 1687 1215 1742 ¹²3·

338 1910 455 1956 NESCIS
479 1911 563 1967 QVID
587 1910 719 1956 VESPER
743 1910 849 1956 SERVS
872 1910 990 1956 VEHAT

117 2029 190 2102 136.
271 2022 512 2109 [lepidissimus
525 2025 607 2088 liber
620 2035 670 2088 est
684 2027 730 2088 M.
742 2025 902 2088 Varronis
916 2046 956 2088 ex
965 2025 1073 2089 satiris
1086 2026 1218 2108 Menip-¹

223 2130 304 2211 pciS,
321 2130 379 2212 qui
394 2129 583 2192 inscribitur
600 2130 727 2192 ‘nescis
743 2129 821 2211 quid
841 2150 962 2212 uesper
979 2150 1072 2192 serus
1091 2131 1214 2204 uehat,’

222 2234 255 2295 in
283 2254 348 2315 quo
376 2233 508 2296 disserit
534 2234 576 2295 de
600 2243 678 2315 apto
704 2233 918 2295 conuiuarum
944 2254 1082 2296 numero
1106 2234 1215 2314 deque

223 2337 327 2420 ipsius
350 2337 495 2400 conuiuii
518 2337 632 2399 habitu
654 2337 820 2418 cultuque.
868 2337 947 2400 dicit
967 2347 1088 2412 autem,
1106 2337 1215 2400 conui-

174 2467 188 2520 5
223 2462 339 2503 uarum
361 2461 536 2504 numerum
557 2425 702 2522 incipere
725 2450 877 2529 oportere
901 2462 920 2503 a
944 2441 1133 2505 Gratiarum
1156 2423 1219 2502 nu-'

222 2566 312 2608 mero
338 2555 371 2607 et
396 2545 551 2626 progredi
576 2545 618 2606 ad
645 2546 828 2619 Musarum,
856 2545 889 2606 id
920 2554 970 2607 est
1001 2544 1164 2627 proficisci
1194 2565 1213 2606 a

166 2652 168 2655 ’
221 2650 326 2712 tribus
357 2659 391 2712 et
421 2648 603 2710 consistere
630 2647 663 2709 in
691 2668 823 2723 nouem,
848 2658 892 2724 ut,
920 2669 995 2710 cum
1022 2647 1215 2730 paucissimi

222 2753 382 2815 conuiuae
409 2762 494 2826 sunt,
522 2773 589 2814 non
616 2751 789 2833 pauciores
815 2752 880 2814 sint
908 2772 1007 2834 quam
1034 2761 1112 2827 tres,
1137 2771 1212 2814 cum

221 2856 362 2938 plurimi,
391 2877 457 2917 non
490 2857 601 2937 plures
633 2877 732 2937 quam
765 2876 894 2918 nouem.
943 2861 1039 2918 ‘nam
1071 2856 1211 2927 multos,'

56 2980 60 2989 ’
157 2987 187 3023 10
223 2961 337 3042 inquit,
368 2966 459 3023 ‘esse
487 2981 553 3023 non
580 2960 746 3033 conuenit,
774 2961 863 3042 quod
890 2960 987 3023 turba
1017 2960 1212 3042 plerumque

220 3074 271 3127 est
286 3065 476 3127 turbulenta
493 3074 527 3127 et
544 3065 673 3126 Romae
692 3064 825 3145 quidem
849 3074 923 3139 stat,
941 3064 1036 3127 sedet
1056 3063 1210 3137 Athenis,

220 3188 385 3249 nusquam
410 3178 520 3230 autem
545 3167 664 3230 cubat'
714 3167 843 3249 ‘ipsum
871 3167 992 3230 deinde
1023 3165 1211 3230 conuiuium

218 3261 369 3347 constat,'
393 3272 507 3353 inquit,
534 3277 591 3333 ‘ex
615 3270 714 3333 rebus
739 3281 895 3353 quattuor
918 3281 951 3333 et
974 3281 1044 3333 tum
1068 3270 1211 3351 denique

219 3376 372 3438 omnibus
390 3376 458 3438 suis
475 3375 620 3437 numeris
641 3375 829 3437 absolutum
852 3385 911 3449 est,
930 3374 957 3437 si
976 3374 1055 3437 belli
1075 3375 1212 3437 homun-

155 3505 184 3559 15
220 3479 285 3544 culi
301 3480 441 3543 conlecti
459 3489 544 3553 sunt,
563 3479 590 3541 si
606 3479 731 3541 electus
754 3479 853 3552 locuS,
873 3478 900 3540 si
923 3488 1055 3559 tempus
1078 3479 1210 3551 lectum,

218 3583 247 3646 si
267 3593 448 3666 apparatus
469 3604 535 3645 non
556 3583 750 3662 neglectus!
799 3588 877 3643 ‘nec
899 3582 1055 3664 loquaces
1078 3580 1210 3655 autem,'
