2684 4094
140 269 181 335 92
284 306 286 314 .
406 263 616 314 FRAGMENTS
639 262 684 313 OF
707 262 833 313 ROMAN
857 262 982 313 SATIRE

194 423 303 496 habet,
321 432 354 485 et
371 442 427 484 cor
443 431 594 485 nostrum
615 421 734 484 cotidie
756 420 916 502 liquescit.
965 420 1023 482 sed
1047 441 1121 483 cum
1147 420 1245 482 mulsi

194 526 373 608 pultarium
389 525 520 600 obduxi,
538 525 654 607 frigori
669 525 814 588 laecasin
831 525 912 587 dico.
956 544 1017 586 nec
1034 545 1114 586 sane
1131 524 1244 586 lauare

194 630 303 711 potui;
329 629 378 691 fui
393 629 480 691 enim
498 629 595 691 hodie
611 629 643 690 in
658 630 766 691 funus.
816 629 914 691 homo
926 628 1041 703 bellus,
1056 639 1123 690 tarn
1136 627 1244 690 bonus

194 733 427 818 Chrysanthus
451 732 596 794 animam
621 732 754 794 ebulliit.
803 732 911 807 modo,
932 733 1031 795 modo
1055 752 1108 794 me
1132 732 1245 813 appel-

155 837 282 915 5lauit.
335 836 450 898 uideor
473 836 554 898 mihi
577 857 651 901 cum
676 836 731 899 illo
755 836 853 918 loqui.
908 837 982 911 heu,
1008 837 1102 898 eheu.
1153 845 1244 898 utres

194 940 300 1003 inflati
323 940 540 1003 ambulamus.
588 940 724 1003 minoris
748 961 847 1022 quam
871 960 1005 1003 muscae
1030 960 1154 1015 sumus,
1178 960 1244 1000 mu-

194 1064 263 1106 scae
288 1055 401 1107 tamen
429 1044 573 1126 aliquam
601 1043 756 1106 uirtutem
788 1045 922 1120 habent,
949 1064 1010 1106 nos
1041 1064 1108 1106 non
1139 1043 1244 1124 pluris

194 1169 308 1211 sumus
335 1169 435 1230 quam
459 1148 578 1210 bullae.
625 1158 659 1211 et
683 1148 761 1229 quid
790 1148 817 1210 si
844 1169 910 1211 non
937 1148 1089 1210 abstinax
1114 1147 1242 1210 fuisset.

195 1253 340 1335 quinque
356 1252 427 1315 dies
443 1272 564 1334 aquam
580 1251 614 1313 in
630 1272 667 1314 os
684 1272 779 1314 suum
796 1273 863 1315 non
880 1251 1029 1327 coniecit,
1044 1273 1110 1314 non
1124 1252 1244 1314 micam

120 1363 171 1419 '10
195 1356 299 1437 panis.
347 1367 459 1418 tamen
487 1355 567 1419 abiit
594 1355 636 1417 ad
662 1356 782 1436 plures.
830 1355 949 1417 medici
976 1355 1066 1416 illum
1095 1355 1245 1436 perdide-

195 1471 279 1535 runt,
298 1460 398 1523 immo
415 1460 522 1541 magis
539 1459 645 1521 malus
662 1459 769 1534 iatus3
789 1459 936 1522 medicus
953 1459 1041 1521 enim
1058 1459 1139 1521 nihil
1156 1459 1246 1522 aliud

195 1573 246 1626 est
262 1584 361 1645 quarn
378 1563 479 1625 animi
494 1563 685 1626 consolatio
732 1573 844 1625 tamen
860 1563 946 1625 bene
959 1563 1065 1624 elatus
1079 1573 1138 1638 est,
1152 1563 1247 1625 uitali

196 1667 290 1742 lecto,
305 1667 460 1748 stragulis
473 1667 578 1729 bonis.
625 1666 779 1747 planctus
792 1676 842 1728 est
855 1666 979 1748 optime
988 1704 1031 1711 —
1040 1686 1139 1728 manu
1156 1666 1246 1730 misit

196 1770 481 1852 aliquot-etiam
498 1770 527 1833 si
543 1770 688 1851 maligne
704 1769 795 1832 illum
813 1769 955 1851 plorauit
977 1790 1066 1832 uxor.
1114 1770 1191 1853 quid
1216 1770 1246 1833 si

47 1861 50 1865 ²
144 1905 170 1950 15
196 1895 262 1937 non
287 1874 375 1936 illam
400 1873 525 1955 optime
548 1873 740 1954 accepisset.
794 1874 855 1937 sed
878 1873 995 1936 mulier
1018 1894 1103 1956 quae
1128 1875 1246 1936 mulier

196 1979 368 2041 miluinum
392 1998 508 2059 genus.
555 1977 726 2057 neminem
750 1977 831 2040 nihil
854 1976 933 2041 boni
956 1978 1068 2040 facere
1094 1988 1244 2058 oportet;

195 2101 300 2164 aeque
318 2092 369 2145 est
385 2081 472 2144 enim
490 2101 528 2144 ac
545 2081 573 2144 si
589 2081 622 2144 in
643 2091 781 2162 puteum
805 2081 957 2144 conicias.
1005 2081 1064 2144 sed
1088 2081 1245 2164 antiquus

195 2205 287 2248 amor
302 2205 422 2249 cancer
436 2186 506 2248 est.’

144 2300 147 2328 ¹
238 2309 292 2368 43.
318 2290 476 2352 molestus
493 2289 566 2365 fuit,
581 2287 796 2372 Philerosque
813 2289 1048 2371 proclamauit:
1074 2289 1244 2353 ‘uiuorum

142 2427 170 2457 ω
194 2393 450 2456 meminerimus.
498 2393 552 2457 ille
570 2393 679 2468 habet,
698 2394 786 2476 quod
803 2394 865 2456 sibi
881 2394 1083 2456 debebatur:
1104 2395 1245 2458 honeste

194 2497 282 2573 uixit,
301 2499 441 2560 honeste
458 2496 547 2561 obiit.
594 2496 674 2580 quid
690 2496 791 2561 habet
808 2498 896 2580 quod
913 2499 1092 2580 queratur?
1112 2499 1153 2561 ab
1170 2519 1244 2588 asse

194 2601 297 2664 creuit
313 2611 346 2664 et
363 2611 499 2682 paratus
518 2601 581 2664 fuit
600 2600 819 2684 quadrantem
844 2603 885 2664 de
908 2611 1053 2665 stercore
1077 2602 1245 2665 mordicus

193 2706 316 2768 tollere.
363 2705 474 2788 itaque
498 2705 611 2780 creuit,
635 2705 792 2788 quicquid
815 2699 929 2781 creuit.
950 2715 1109 2787 tanquam
1134 2707 1242 2769 fauus.

193 2819 273 2889 puto
290 2810 495 2874 mehercules
512 2809 603 2871 illum
620 2809 792 2891 reliquisse
808 2809 913 2873 solida
929 2820 1071 2884 centum,
1086 2819 1120 2871 et
1132 2810 1244 2872 omnia

140 2945 167 2990 25
192 2912 225 2974 in
243 2913 385 2975 nummis
402 2912 526 2975 habuit.
574 2913 615 2976 de
634 2933 669 2976 re
687 2922 799 2976 tamen
823 2933 887 2995 ego
911 2933 1026 2976 uerum
1051 2913 1168 2987 dicam,
1187 2913 1244 2994 qui

192 3016 339 3097 linguam
356 3017 509 3081 caninam
527 3016 676 3083 comedi:
699 3017 801 3080 durae
821 3017 946 3080 buccae
970 3017 1041 3091 fuit,
1060 3016 1242 3097 linguosus,

192 3119 365 3195 discordia,
394 3141 462 3183 non
493 3121 601 3183 homo.
650 3121 753 3184 irater
783 3121 853 3183 eius
885 3121 979 3184 fortis
1011 3120 1084 3195 fuit,
1117 3120 1244 3183 amicus

192 3223 307 3299 amico,
325 3245 425 3287 manu
443 3224 552 3305 plena,
570 3234 672 3288 uncta
688 3245 813 3288 mensa.
861 3236 893 3287 et
910 3225 995 3287 inter
1012 3223 1104 3287 initia
1121 3224 1243 3286 malam

191 3348 323 3409 parram
341 3327 465 3409 pilauit,
484 3327 543 3390 sed
565 3329 741 3392 recorrexit
761 3339 870 3392 costas
890 3329 977 3391 illius
1001 3329 1107 3410 prima
1131 3328 1244 3391 uinde-

137 3465 167 3507 30
192 3432 274 3493 mia:
299 3432 448 3494 uendidit
465 3432 553 3494 enirn
571 3432 694 3506 uinum,
713 3432 829 3514 quanti
845 3432 917 3514 ipse
937 3434 1048 3496 uoluit.
1097 3443 1130 3495 et
1154 3433 1244 3514 quod

191 3536 276 3599 illius
293 3546 440 3598 mentum
459 3536 601 3610 sustulit,
619 3537 838 3598 hereditatem
859 3537 995 3618 accepit,
1015 3558 1054 3598 ex
1078 3558 1142 3618 qua
1167 3537 1263 3618 plus·

191 3640 359 3714 inuolauit,
374 3660 473 3721 quarn
491 3639 536 3701 illi
551 3639 703 3702 relietum
719 3649 778 3702 est.
826 3650 859 3702 et
875 3639 929 3703 ille
945 3641 1038 3722 stips,
1052 3640 1129 3702 dum
1148 3641 1245 3703 fratri
1277 3707 1281 3716 ,
