2684 4094
112 194 155 272 48
375 203 587 254 FRAGMENTS
611 203 656 253 or
678 204 805 253 ROMAN
829 205 956 254 smmi:

260 355 296 408 In
307 355 385 421 short,
398 357 496 409 theold
509 357 624 409 Marcus
637 357 660 409 ie
673 358 816 427 altopeeier
827 359 921 411 behind
934 360 974 411 the
987 359 1070 412 times.

114 493 169 539 22.
245 475 355 538 ebrius
372 495 417 549 ee,
437 476 569 551 Marce3
595 476 765 561 Odyssian
787 477 875 539 enim
897 478 1038 540 Homeri
1060 477 1225 541 ruminari¹

202 578 329 660 incipis,
347 599 422 642 cum
438 575 513 660 περὶ
528 575 656 660 τρόπων
672 580 871 662 scripturum
890 590 924 644 te
944 581 1022 646 Seio
1042 582 1219 662 receperiS.

858 684 934 735 Non.
949 682 1011 750 383.
1027 682 1076 745 263
1097 682 1158 747 480.
1174 697 1219 750 23.

119 792 173 845 The
187 794 231 846 old
246 793 360 845 Marcus
378 801 469 846 retorts
483 794 536 845 that
552 795 591 845 tie
604 795 665 862 only
677 794 752 864 thinp
767 796 798 847 he
811 797 962 848 remembers
976 796 1028 848 lilce
1041 797 1131 858 τρόπος
1144 796 1166 847 is
1179 797 1221 848 the

203 882 284 942 τροπή
297 880 380 949 ostie
392 897 482 948 enemy
494 882 550 932 and
562 881 602 933 the
615 888 726 950 tropaea
739 882 774 950 os
781 883 877 951 victory
882 900 892 946 ,·
911 884 967 934 and
979 883 1047 935 these
1059 899 1127 934 seem
1139 891 1183 934 nol
1196 891 1221 935 to

203 967 268 1018 exist
280 968 429 1035 nomenis,

117 1100 170 1158 23.
247 1081 321 1144 ideo
334 1082 415 1162 fuga
429 1081 574 1145 hostium
587 1102 707 1162 graece
720 1093 858 1146 uocatur
869 1080 994 1165 τροπή;
1019 1083 1096 1146 hinc
1113 1084 1222 1167 spolia

204 1195 304 1266 capta
320 1186 383 1247 fixa
399 1185 432 1246 in
450 1184 617 1267 stipitibus
634 1186 847 1268 appellantur
861 1197 1008 1269 tropaea.
1024 1273 1051 1324 N

1053 1288 1100 1325 on.
1116 1286 1129 1341 ς
1134 1286 1159 1341 5.
1177 1286 1219 1324 10.

344 1385 399 1438 For
412 1402 477 1438 ware
490 1402 535 1438 are
548 1387 653 1438 carried
666 1405 700 1440 on
712 1387 807 1455 merely
812 1388 862 1456 for
870 1388 994 1455 plunder,

16 1486 17 1493 ἵ
94 1528 96 1531 ·
118 1520 172 1580 24.
248 1500 357 1564 socius
378 1521 415 1563 es
436 1501 605 1578 hostibus;
633 1503 730 1566 sociis
751 1503 874 1566 bellum
896 1503 942 1566 ita
962 1502 1051 1585 geris
1074 1513 1110 1566 ut
1133 1503 1222 1566 bella

205 1605 316 1668 omnia
332 1606 456 1667 donum
473 1606 615 1669 auferas.
1026 1635 1101 1686 Non.
1117 1633 1178 1698 243,
1193 1647 1220 1699 7,

189 1806 256 1858 And
267 1807 377 1858 soldiers
389 1823 434 1858 ere
448 1807 512 1858 used
523 1805 552 1856 in
565 1804 684 1873 buildinp
692 1805 803 1872 palacee
815 1805 904 1857 rather
916 1806 978 1857 than
991 1804 1019 1856 in
1027 1805 1153 1875 fiphtinp,

121 1939 173 2002 25.
250 1944 317 1985 non
333 1932 366 1985 te
383 1922 495 2003 pudet,
512 1919 614 1996 Mani,
630 1941 704 1983 cum
721 1920 811 1982 domi
827 1930 904 1983 tuae
920 1921 1014 1983 uides
1031 1920 1222 1984 commilito-

206 2047 286 2089 num
303 2036 434 2089 tuorum
452 2024 596 2089 cohortis
614 2024 719 2086 seruis
735 2024 801 2087 tuis
818 2024 1005 2087 ministrare
1025 2025 1221 2087 caementa?

880 2127 956 2178 Non.
971 2140 1015 2195 9¹·
1030 2141 1079 2194 333
1103 2125 1161 2195 196.
1177 2140 1221 2195 25·

161 2243 246 2298 While
258 2243 352 2296 armies
365 2244 400 2313 os
406 2243 490 2306 coeles,
505 2243 560 2294 arrd
573 2241 639 2294 their
651 2241 711 2304 like,
725 2259 770 2293 are
783 2242 823 2293 the
835 2241 911 2310 chief
912 2241 1005 2309 forces
1018 2242 1053 2310 of
1061 2242 1102 2294 the
1114 2249 1186 2294 state.

121 2362 174 2426 26.
208 2410 214 2423 .
240 2409 246 2424 .
273 2410 279 2423 .
304 2358 429 2424 chortis
446 2378 601 2422 cocorum
618 2367 718 2441 atque
738 2355 958 2420 himiotarum
977 2355 1220 2439 aiicupumque.

1049 2461 1121 2511 Non.
1136 2473 1179 2528 25·
1194 2459 1221 2510 8.

175 2577 231 2630 Our
243 2586 380 2640 arcerem,
394 2578 509 2629 however
521 2576 612 2644 simple
626 2575 691 2627 their
702 2574 757 2644 life,
770 2575 824 2627 had
837 2575 877 2626 tire
889 2575 959 2644 riphe
970 2574 1048 2642 spirit
1060 2575 1088 2626 in
1100 2575 1174 2626 them.

120 2711 173 2772 27.
250 2694 304 2756 aui
323 2703 356 2756 et
376 2693 466 2756 ataui
484 2692 596 2768 nostri,
615 2712 690 2755 cum
710 2691 810 2753 alium
830 2711 868 2754 ac
888 2710 970 2772 cepe
990 2711 1104 2753 eorum
1121 2690 1223 2753 uerba

207 2798 342 2873 olerent,
359 2807 472 2860 tamen
489 2806 626 2878 optume
643 2795 780 2858 animati
797 2804 899 2857 erant.
1035 2837 1108 2888 Non.
1122 2849 1181 2887 201·
1197 2849 1221 2886 1·

285 3001 339 3053 But
352 3019 386 3053 no
399 3001 528 3052 Hercules
541 3000 619 3053 could
631 2999 735 3051 cleanse
747 3000 814 3050 these
826 2996 942 3067 Aupean
955 2997 1056 3049 stables.

120 3120 173 3183 28.
207 3138 274 3180 non
292 3117 457 3180 Hercules
474 3126 594 3197 potest,
612 3115 668 3198 qui
684 3111 796 3199 [cum]
813 3113 946 3195 Augiae
963 3113 1087 3194 egisset
1102 3109 1224 3193 κόπρον

1010 3216 1086 3268 Non.
1102 3228 1162 3279 242.
1181 3213 1222 3266 16.

356 3323 405 3376 Le!
416 3323 524 3391 Jupiter
537 3323 667 3374 interiere
680 3322 738 3373 with
751 3321 793 3372 his
806 3320 989 3383 liunderboitS,

121 3458 174 3519 29.
207 3437 286 3503 time
314 3449 452 3522 repente
478 3440 632 3503 caelitum
660 3439 763 3501 altum
788 3434 964 3499 t6nitribus
991 3432 1153 3517 temphim
1178 3445 1224 3497 to-

294 3554 418 3620 nescat,
445 3632 448 3637 ⁴
1015 3581 1089 3633 Non.
1106 3581 1163 3633 180.
1182 3594 1221 3647 13.
