2684 4094
232 253 264 272 S

155 273 195 339 74
417 269 626 318 FRAGMENTS
649 269 694 317 01
717 269 843 318 ROMAN
867 271 992 319 SATIRE

139 423 215 489 JNo
233 424 284 475 low
302 423 325 475 is
343 439 397 490 any
415 422 508 491 lonyer
525 422 620 489 obeyed
641 438 702 473 sune
721 423 781 490 only
800 423 849 474 tiis
867 441 922 485 one,
937 424 991 476 that
1010 425 1117 494 nothinq
1137 426 1160 477 is
1176 427 1259 495 yioen·

600 508 651 577 for
669 509 796 579 nauroy!

156 635 229 698 193.
263 616 352 699 quod
369 615 462 697 leges
477 635 566 679 nunc
582 636 650 678 non
666 615 803 692 faciunt,
823 610 892 681 ‘tte
908 613 965 678 καὶ
981 615 1074 692 λαβέ
1081 621 1086 641 ’
1105 620 1206 682 seruit

306 719 450 783 omnino.
1041 751 1116 801 Non,
1132 764 1191 817 502,
1207 765 1250 817 33,

155 896 219 949 ‘Au
232 897 326 948 virtues
338 897 402 948 hove
415 894 542 947 oonisted
548 912 559 958 ;
578 895 606 946 in
620 896 686 947 their
697 898 773 948 steod
785 897 825 948 the
838 898 981 949 owolcened
994 917 1055 950 mon
1069 899 1090 950 is
1103 900 1205 950 saturet
1223 900 1253 966 ty

376 982 490 1050 impiety,
501 982 613 1050 perfidy,
628 984 761 1046 leurdness,
775 1000 805 1035 os
818 1001 874 1035 new
886 985 1028 1036 (lenirem)

157 1110 230 1170 194.
306 1090 340 1152 in
371 1110 511 1175 quarum
541 1091 649 1152 locum
682 1090 854 1154 subierunt
882 1091 1061 1174 inquilinae
1089 1091 1251 1173 impietas

155 1271 158 1277 1
263 1194 409 1276 perfidia,
430 1193 644 1276 impudicitia.
1042 1225 1117 1276 Non.
1131 1237 1192 1290 403·
1208 1222 1251 1273 26,

118 1383 120 1387 ¹
157 1369 230 1432 195.
263 1372 343 1433 ergo
359 1361 430 1414 turn
448 1352 577 1415 Romae
593 1372 693 1434 parce
710 1373 859 1435 pureque
876 1353 1033 1434 pudentis

306 1455 417 1518 uixere
432 1455 465 1517 in
483 1455 608 1537 patria;
633 1465 668 1520 at
683 1477 771 1519 nunc
788 1477 904 1519 sumus
920 1456 953 1519 in
970 1456 1097 1519 rutuba.

587 1561 589 1566 '
691 1555 693 1559 ’
1061 1556 1135 1606 Non.
1154 1553 1211 1619 167.
1227 1568 1252 1619 7.

155 1651 264 1704 “‘Aios
276 1651 327 1720 for
345 1652 407 1714 tiiee,
421 1651 543 1715 Morcus,
559 1652 617 1703 tuitii
632 1653 696 1704 suci
710 1670 726 1704 a
739 1652 817 1720 sleep,
830 1653 885 1704 aad
901 1654 964 1705 suci
984 1670 1019 1704 on
1038 1652 1214 1721 awolceniny!
1223 1653 1252 1674 ”⁹

157 1760 231 1838 196.
264 1779 283 1821 o
300 1755 401 1820 stulta
417 1757 521 1820 nostri
537 1757 680 1839 pectoris
697 1756 849 1821 dormitio

264 1859 448 1942 uigilabilis,
466 1881 552 1944 quae
568 1862 621 1924 me
637 1861 784 1943 puellum
800 1860 1007 1943 impuberem

263 1963 399 2046 cepssti!
914 1995 979 2046 Non
1006 1993 1063 2059 158.
1082 2007 1129 2061 133
1153 2007 1210 2043 100.
1229 2007 1251 2042 1.

155 2153 229 2206 ‘Tite
245 2153 332 2206 sketci
350 2154 482 2206 resembles
501 2154 541 2206 tte
557 2153 738 2206 Catilinarian
757 2155 845 2222 oport,
858 2155 956 2221 shortly
974 2171 990 2204 u
1014 2172 1043 2205 er
1061 2154 1141 2204 uitrici
1163 2154 1253 2221 (crtout

264 2241 338 2308 697)
355 2242 394 2292 the
408 2241 453 2292 old
467 2258 528 2292 mon
544 2250 610 2292 must
625 2242 690 2293 itane
707 2241 807 2292 written
822 2241 860 2305 it,·
878 2242 933 2292 ond
951 2242 1020 2292 there
1040 2241 1084 2307 loy
1102 2257 1118 2291 a
1137 2241 1205 2291 trutb
1227 2241 1253 2289 in

262 2329 301 2379 tire
319 2328 393 2380 bitter
411 2336 472 2378 turn
490 2336 517 2379 ot
536 2328 576 2379 tlte
594 2328 670 2388 close,
685 2329 766 2380 wilere
784 2327 907 2389 Morcus,
923 2327 1050 2396 properly
1068 2329 1192 2394 reprooed
1204 2327 1254 2395 sor

262 2414 302 2466 tis
319 2415 506 2466 unseusonoble
521 2415 687 2467 accusatione
706 2415 761 2466 and
779 2414 951 2483 antiquarion
970 2414 1175 2475 reminiscences‚
1190 2413 1254 2463 is-

262 2501 321 2554 witti
336 2520 352 2553 u
369 2503 443 2553 moclc
459 2502 621 2570 application
635 2501 670 2570 os
682 2519 698 2553 a
714 2501 846 2569 primitive
866 2501 969 2554 Roman
988 2502 1254 2568 eustorii-druogo!

262 2605 292 2640 os
312 2606 328 2640 a
350 2589 447 2640 useless
467 2590 511 2641 old
532 2606 593 2640 mon
615 2597 639 2641 to
661 2589 702 2640 tite
724 2588 814 2657 bridye
836 2590 892 2640 and
912 2589 1010 2640 tironia
1031 2589 1083 2639 into
1103 2589 1142 2639 tte
1166 2587 1191 2637 T
1190 2588 1251 2638 iber.

266 2674 350 2728 Titere
368 2693 421 2727 was
440 2676 568 2744 certainly
586 2694 619 2728 no
637 2676 728 2746 lonyer
746 2692 817 2729 room
828 2675 879 2744 for
896 2677 959 2728 such
978 2693 1036 2727 men
1055 2675 1084 2726 in
1104 2675 1202 2726 Rome)

158 2802 231 2867 197.
309 2787 460 2868 ‘pergis’
484 2786 598 2868 inquit,
624 2788 767 2862 ‘Marce
792 2806 948 2850 accusare
972 2806 1052 2848 nos:
1078 2785 1253 2847 ruminaris

263 2889 497 2972 antiquitates!
649 2903 653 2907 '
1050 2917 1123 2968 190„⁸
1137 2915 1196 2980 480.
1211 2929 1252 2980 23·

157 3049 230 3127 198.
264 3046 399 3110 senibus
415 3047 544 3124 crassis,
563 3047 697 3123 homuli,
715 3068 782 3111 non
799 3047 942 3110 uidimus
958 3047 1038 3130 quid
1054 3047 1133 3108 fiat?

1069 3151 1142 3202 Non.
1156 3146 1197 3198 86.
1211 3161 1252 3209 24.

158 3266 230 3326 199.
264 3246 361 3309 acciti
377 3266 492 3309 sumus
508 3256 544 3309 ut
560 3246 819 3328 depontaremur
829 3268 836 3322 ;
861 3267 1009 3309 murmur
1025 3247 1060 3308 fit
1077 3246 1176 3306 ferus

1051 3349 1123 3399 Non.
1139 3359 1197 3409 214.
1215 3359 1252 3396 12.

157 3463 230 3510 200.
309 3445 381 3507 ‘uix
397 3446 527 3508 ecfatus
543 3446 631 3508 erat’
649 3465 725 3508 cum
742 3466 833 3509 more
850 3445 1011 3508 maiorum
1029 3445 1114 3506 ultro

263 3568 419 3612 easnares
435 3548 606 3630 arripiunt,
625 3549 666 3611 de
682 3558 784 3630 ponte
800 3548 834 3611 in
850 3548 997 3611 Tiberim
1014 3549 1200 3610 deturbant.

1069 3650 1095 3700 N
1098 3665 1142 3701 on.
1156 3647 1197 3699 86.
1212 3662 1253 3699 20.
