2684 4094
164 245 221 310 152
290 280 293 286 .
423 245 634 295 aurelianis
657 247 702 295 oF
725 234 851 295 ROMAN
875 246 999 295 sanna

212 401 317 462 tulum
344 401 520 482 locupletis
548 403 640 464 uteri.
698 403 757 465 sed
784 403 849 464 iam
878 411 989 483 pestes
1016 401 1095 464 illae
1121 404 1272 466 taeterri-

212 524 353 587 maeque
368 505 474 568 furiae
490 507 686 569 anhelantes
705 505 877 588 uipereum
897 505 987 569 uirus
1008 515 1043 568 et
1063 505 1271 570 festinantes

212 607 313 689 impia
337 609 504 672 celeritate
530 610 744 690 nauigabant.
801 619 881 673 tunc
905 609 951 674 sic
973 609 1095 672 iterum
1120 631 1272 673 momen-

212 712 314 774 tarius
337 712 475 776 maritus
499 734 592 775 suam
614 714 767 797 Psychen
786 714 962 776 admonet:
987 712 1078 775 ‘dies
1096 713 1219 775 ultima
1238 723 1272 777 et

174 843 188 889 5
212 835 309 878 casus
340 826 507 879 extremus
534 827 567 880 et
595 837 692 880 sexus
719 817 861 880 infestus
888 827 920 880 et
948 817 1084 898 sanguis
1110 817 1271 880 inimicus

212 918 276 981 iam
297 920 438 1001 sumpsit
459 941 551 982 arma
571 930 736 995 etcastra
758 921 938 983 commouit
959 929 992 983 et
1016 919 1123 982 aciem
1150 921 1271 984 direxit

212 1033 245 1085 et
268 1023 443 1085 classicum
468 1024 669 1104 personauit.
720 1024 786 1086 iam
810 1044 967 1087 mucrone
990 1023 1151 1086 destricto
1176 1024 1271 1105 iugu-

212 1127 279 1188 lum
303 1137 397 1189 tuum
424 1128 571 1190 nefariae
592 1137 672 1190 tuae
696 1147 827 1190 sorores
850 1136 977 1209 petunt.
1035 1127 1101 1189 heu
1130 1128 1271 1209 quantis

212 1250 392 1310 urguemur
415 1231 572 1306 cladibus,
602 1232 730 1316 Psyche
754 1231 962 1294 dulcissima!
1019 1230 1068 1294 tui
1091 1232 1271 1314 nostrique

161 1361 189 1394 10
212 1333 377 1410 miserere,
412 1335 632 1417 religiosaque
671 1334 875 1399 continentia
913 1336 1057 1410 domum,
1095 1335 1269 1412 maritum,

211 1446 319 1518 teque,
346 1449 379 1500 et
410 1438 509 1501 istum
539 1439 714 1520 paruulum
742 1448 891 1501 nostrum
919 1438 1122 1501 imminentis
1149 1439 1271 1504 ruinae

212 1541 393 1603 infortunio
415 1542 536 1604 libera:
568 1562 630 1604 nec
655 1542 728 1604 illas
748 1541 907 1605 scelestas
924 1541 1067 1605 feminas
1087 1539 1191 1624 (quas
1208 1544 1272 1606 tibi

212 1655 288 1726 post
315 1645 555 1708 interneciuum
584 1640 695 1707 odium
720 1654 753 1708 et
776 1646 904 1708 calcata
927 1645 1101 1726 sanguinis
1124 1646 1271 1711 foedera

212 1768 341 1811 sorores
364 1750 533 1830 appellare
550 1770 616 1811 non
638 1749 731 1833 licet)
745 1749 800 1811 uel
823 1748 949 1825 uideas,
966 1749 1020 1811 uel
1041 1748 1171 1823 audias,
1189 1771 1270 1813 cum

160 1881 186 1926 15
211 1851 244 1913 in
258 1873 383 1914 morem
402 1853 555 1916 Sirenum
573 1853 709 1934 scopulo
723 1852 950 1934 prominentes
963 1851 1107 1914 funestis
1122 1853 1272 1917 uocibus

212 1976 289 2017 saxa
307 1956 553 2037 personabunt'

257 2078 308 2135 13.
335 2060 472 2141 suscipit
508 2061 637 2143 Psyche
675 2060 823 2141 singultu
860 2058 1035 2123 lacrimoso
1073 2079 1269 2124 sermonem

211 2163 396 2226 incertans:
422 2164 505 2225 ‘iam
527 2164 661 2239 dudum,
688 2164 777 2245 quod
802 2163 914 2239 sciam,
934 2162 1011 2226 fidei
1035 2172 1136 2245 atque
1162 2166 1272 2245 parci-

211 2267 321 2348 loquio
344 2287 417 2329 meo
439 2267 645 2348 perpendisti
666 2268 874 2343 documenta,
892 2287 954 2331 nec
969 2287 1010 2330 eo
1026 2267 1129 2330 setius
1146 2268 1270 2349 adpro-

158 2396 187 2428 ω
210 2369 342 2432 habitur
364 2370 423 2431 tibi
447 2391 535 2432 nunc
560 2371 659 2433 etiam
683 2370 821 2434 firmitas
847 2370 949 2434 animi
972 2370 1045 2434 mei.
1101 2380 1138 2434 tu
1165 2374 1270 2436 modo

211 2474 367 2556 Zephyro
386 2484 499 2535 nostro
523 2495 652 2537 rursum
676 2475 833 2557 praecipe
856 2475 1018 2557 iungatur
1041 2475 1214 2556 obsequio,
1233 2488 1270 2540 et

211 2576 244 2638 in
272 2576 377 2638 uicem
406 2577 591 2656 denegatae
620 2589 852 2642 sacrosanctae
876 2578 1031 2660 imaginis
1053 2588 1140 2666 tuae,
1159 2580 1270 2645 redde

211 2680 328 2742 saltem
360 2691 575 2761 conspectum
608 2703 767 2759 sororum,
801 2703 860 2764 per
891 2683 972 2746 istos
1002 2683 1197 2746 cinnameos
1233 2695 1271 2748 et

210 2782 357 2864 undique
384 2785 548 2863 pendulos
576 2785 683 2848 crines
711 2796 794 2862 tuos,
822 2807 881 2868 per
910 2796 1043 2849 teneras
1074 2795 1107 2848 et
1137 2795 1270 2851 teretes

158 2915 185 2962 25
210 2896 244 2950 et
274 2885 339 2948 mei
370 2887 493 2949 similes
525 2909 638 2968 genas
672 2910 731 2972 per
763 2900 880 2972 pectus
910 2890 1023 2953 nescio
1055 2910 1120 2972 quo
1151 2890 1269 2955 calore

211 2990 394 3053 feruidum!
441 2991 487 3054 sic
504 2991 537 3054 in
554 2993 617 3055 hoc
634 2994 751 3056 saltem
768 2994 908 3075 paruulo
925 3012 1126 3074 cognoscam
1139 2993 1268 3057 faciem

210 3104 310 3169 tuam,
337 3094 495 3175 supplicis
524 3095 640 3158 anxiae
666 3096 729 3177 piis
753 3097 907 3178 precibus
931 3105 1087 3178 erogatus
1110 3099 1270 3177 germani

210 3198 402 3280 complexus
433 3199 568 3280 indulge
599 3199 753 3275 fructum,
783 3209 816 3263 et
847 3200 906 3262 tibi
937 3201 1078 3263 deuotae
1111 3201 1268 3283 Psychae

210 3301 354 3362 animam
382 3302 504 3381 gaudio
532 3322 653 3377 recrea,
680 3323 741 3366 nec
769 3304 946 3385 quicquam
975 3303 1116 3384 amplius
1144 3303 1178 3365 in
1206 3315 1269 3369 tuo

157 3437 187 3481 30
210 3406 304 3466 uultu
320 3404 469 3485 requir0;
495 3405 561 3466 iam
578 3405 623 3467 nil
641 3406 787 3468 officiunt
804 3406 885 3469 mihi
900 3408 954 3468 uel
970 3407 1063 3488 ipsae
1079 3416 1269 3473 nocturnae

209 3508 385 3583 tenebrae;
414 3519 512 3571 teneo
539 3519 581 3584 te,
607 3530 717 3571 meum
742 3510 873 3572 lumen'
930 3511 980 3572 his
1008 3510 1117 3572 uerbis
1141 3519 1175 3572 et
1198 3533 1270 3574 am-

210 3611 360 3693 plexibus
377 3612 530 3674 mollibus
546 3612 743 3675 decantatus
759 3613 896 3675 maritus
913 3613 1131 3694 lacrimasque
1147 3613 1179 3676 ei
1195 3615 1270 3680 suis
