2684 4094
117 257 160 336 84
377 255 592 316 'innumerus
615 265 661 315 or
683 265 817 330 xounu
834 265 960 316 snrrna

170 443 240 489 rern
265 422 366 486 habet
389 421 617 497 subornatum,
643 431 679 484 ut
705 421 845 484 subinde
873 422 965 498 sciat,
991 433 1152 505 quantum
1180 421 1222 486 de

170 519 240 591 uita
266 525 466 610 perdiderit'
525 525 696 588 amicimur
722 544 803 606 ergo
830 525 1006 607 diligenter
1033 527 1126 590 obliti
1156 548 1223 590 om-

171 631 263 695 nium
288 631 459 706 malorum,
484 639 517 693 et
542 629 664 693 Gitona
689 629 906 692 libentissime
931 630 1050 693 seruile
1077 630 1221 694 officium

170 745 321 798 tuentem
340 754 445 816 usque
465 734 527 796 hoc
546 732 698 795 iubemus
717 732 750 794 in
768 733 889 797 balnea
908 734 1010 816 sequi.
1081 752 1134 812 27.
1160 756 1222 798 nos

133 838 302 917 sinterim
330 837 443 901 uestiti
469 856 579 900 errare
606 836 777 917 coepimus
993 838 1094 901 immo
1121 838 1222 901 iocari

172 942 279 1024 magis
304 953 337 1006 et
362 941 490 1004 circulis
516 937 722 1024 [ludentem]
748 941 916 1017 accedere,
942 962 1018 1004 cum
1044 942 1152 1005 subito
1178 943 1222 1004 ui-

172 1047 289 1110 demus
321 1065 436 1108 senem
469 1046 610 1118 caluum,
642 1044 755 1106 tunica
789 1045 946 1108 uestitum
980 1066 1104 1122 russea,
1136 1047 1222 1109 inter

173 1170 294 1235 pueros
317 1149 490 1233 capillatos
513 1149 684 1211 ludentem
712 1148 787 1230 pila.
843 1170 905 1213 nec
932 1160 1001 1212 tam
1029 1150 1123 1232 pueri
1149 1172 1220 1226 nos,

173 1273 374 1336 quamquam
396 1262 467 1315 erat
487 1272 609 1333 operae
633 1252 785 1333 pretium,
808 1254 850 1315 ad
874 1254 1101 1335 spectaculum
1125 1256 1222 1316 duxe-

121 1367 256 1432 rorant,
281 1377 381 1439 quam
406 1357 478 1438 ipse
503 1366 598 1439 pater
621 1356 775 1432 familiae,
801 1357 857 1439 qui
883 1358 1029 1420 soleatus
1057 1358 1124 1438 pila
1151 1378 1222 1438 pra-

173 1461 247 1526 sina
273 1461 507 1525 exercebatur.»
560 1480 622 1523 nec
653 1460 797 1542 amplius
826 1481 901 1523 eam
931 1462 1106 1543 repetebat
1136 1481 1222 1544 quae

172 1575 295 1631 terram
322 1563 517 1644 contigerat,
543 1564 602 1627 sed
629 1563 743 1626 follem
771 1564 906 1648 plenum
934 1565 1078 1628 habebat
1106 1570 1222 1629 ser'uus

173 1668 424 1751 sufficiebatque
448 1668 647 1731 ludentibus.
695 1669 884 1732 notauimus
908 1670 1008 1732 etiam
1032 1691 1084 1732 res
1106 1691 1219 1733 nouas.

173 1793 251 1837 narn
267 1773 333 1837 duo
349 1773 516 1855 spadones
532 1772 565 1834 in
582 1772 714 1835 diuersa
735 1782 828 1854 parte
850 1774 963 1836 circuli
984 1774 1127 1849 stabant,
1145 1795 1222 1856 quo-

123 1904 149 1954 ¹⁵
173 1897 246 1941 rum
270 1877 354 1940 alter
370 1875 537 1939 matellam
551 1876 688 1939 tenebat
704 1886 908 1956 argenteam,
927 1885 1010 1939 alter
1026 1877 1222 1940 numerabat

174 1980 267 2065 pilas,
284 2001 351 2044 non
373 1980 506 2063 quidem
526 2000 583 2043 eas
602 2000 687 2062 quae
709 1980 794 2042 inter
810 2001 929 2043 manus
945 1981 1019 2043 lusu
1035 1982 1222 2063 expellente

173 2083 358 2160 uibrabant,
388 2085 447 2147 sed
474 2104 531 2147 eas
558 2103 644 2166 quae
675 2084 708 2146 in
738 2094 860 2147 terram
891 2084 1099 2147 decidebant.
1146 2105 1222 2148 cum

173 2189 234 2252 has
268 2208 347 2270 ergo
382 2187 578 2252 miraremur
609 2188 763 2264 lautitiaS,
796 2188 939 2252 accurrit
976 2189 1152 2251 Menelaus
1190 2199 1223 2252 et

174 2292 245 2356 ‘hic
272 2293 341 2356 est'
366 2292 473 2375 inquit
495 2292 602 2376 ‘apud
630 2312 729 2375 quem
754 2291 902 2355 cubitum
930 2292 1070 2377 ponetis,
1096 2302 1129 2355 et
1156 2292 1223 2375 qui-

120 2426 150 2461 ω
172 2395 249 2461 dem
272 2395 339 2460 iam
362 2394 562 2481 principium
585 2416 688 2461 cenae
711 2396 851 2459 uidetis'

624 2518 641 2554 Ι
689 2518 706 2554 Ι
755 2518 772 2554 Ι

217 2606 271 2670 28.
296 2604 433 2686 longum
452 2613 523 2668 erat
542 2603 674 2686 singula
689 2604 850 2686 excipere.
898 2602 1010 2686 itaque
1026 2603 1222 2668 intrauimus

172 2708 339 2784 balneum,
357 2719 390 2771 et
411 2708 532 2772 sudore
553 2708 687 2772 calfacti
706 2718 875 2771 momento
893 2708 1053 2790 temporis
1072 2709 1118 2770 ad
1134 2708 1223 2789 frigi-

172 2812 250 2876 dam
274 2811 409 2876 eximus.
456 2812 522 2875 iam
538 2812 740 2875 Trimalchio
756 2821 928 2894 unguento
945 2813 1101 2893 perfusus
1117 2822 1223 2893 terge-

172 2915 278 2992 batur,
295 2936 362 2979 non
385 2916 504 2990 linteis,
522 2917 581 2979 sed
605 2915 713 2997 palliis
736 2937 776 2980 ex
799 2916 875 2978 lana
898 2916 1091 2979 mollissima
1114 2916 1220 2979 factis

120 3048 148 3095 25
173 3029 241 3083 tres
274 3018 404 3083 interim
439 3019 625 3104 iatraliptae
655 3019 689 3081 in
720 3029 903 3101 conspectu
936 3019 1007 3082 eius
1043 3020 1222 3082 Falernum

173 3122 342 3206 potabant,
367 3133 500 3187 etcum
529 3123 707 3207 plurimum
734 3123 879 3187 rixantes
906 3122 1129 3197 effunderent,
1153 3123 1223 3185 Tri-

173 3227 315 3291 malchio
339 3228 401 3290 hoc
426 3230 522 3290 suum
546 3227 743 3309 propinasse
766 3227 906 3291 dicebat.
954 3227 1031 3290 hinc
1053 3226 1233 3290 inuolutus·

173 3331 308 3394 coccina
331 3351 482 3413 gausapa
505 3331 641 3395 lecticae
665 3331 839 3413 impositus
867 3340 917 3394 est
945 3330 1222 3412 praecedentibus

173 3434 355 3517 phaleratis
386 3435 575 3497 cursoribus
606 3445 762 3517 quattuor
792 3445 826 3498 et
856 3434 1067 3509 chiramaxio,
1092 3433 1125 3496 in
1157 3455 1222 3517 quo

120 3567 151 3614 ³0
173 3538 311 3603 deliciae
333 3539 404 3602 eius
428 3539 644 3614 uehebantur,
671 3559 753 3621 puer
776 3539 917 3614 uetuluS,
942 3538 1063 3621 lippus,
1088 3537 1222 3601 domino

173 3641 420 3707 Trimalchione
460 3642 649 3707 deformior.
712 3662 788 3706 cum
826 3663 906 3726 ergo
945 3643 1140 3720 auferretur,
1180 3641 1222 3707 ad
