2684 4094
115 255 178 320 154
380 251 590 300 FRAGMENTS
614 252 659 300 OF
682 250 808 300 ROMAN
831 249 956 298 SATlRE

163 410 300 490 magnis
313 407 463 489 pecuniis
475 407 702 488 negotiantem
715 405 780 468 iam
793 405 938 468 medium
951 424 1085 467 cursum
1102 404 1226 468 aetatis

169 533 278 594 agere,
304 512 542 592 interspersum
568 531 642 573 rara
664 509 792 572 canitie.
839 508 955 572 necin
980 528 1136 572 sermone
1161 508 1226 572 isto

169 616 334 680 tantillum
352 625 478 678 morata
494 635 624 676 rursum
642 612 787 695 opiparis
804 611 996 675 muneribus
1012 632 1070 675 eas
1083 622 1226 676 onustas

170 727 309 783 uentoso
327 719 479 782 uehiculo
496 718 646 782 reddidit.

130 854 145 900 ⁵
214 826 268 888 16.
295 823 354 885 sed
385 824 463 885 dum
492 821 639 906 Zephyri
665 820 843 903 tranquillo
875 820 992 902 spiritu
1023 820 1227 911 sublimatae

167 928 306 991 domum
332 927 481 1002 redeunt,
510 926 557 988 sic
586 945 700 988 secum
732 925 950 987 altercantes:
985 923 1092 1007 ‘quid,
1119 945 1225 999 soror,

103 1024 113 1035 ’
171 1031 311 1094 dicimus
343 1031 383 1093 de
414 1039 482 1093 tam
513 1039 724 1092 monstruoso
755 1029 870 1090 fatuae
902 1027 987 1090 illius
1022 1029 1226 1092 mendacio?

171 1146 250 1198 tunc
284 1135 480 1198 adulescens
515 1133 614 1195 modo
647 1131 779 1195 florenti
812 1132 970 1212 lanugine
1004 1132 1144 1195 barbam
1180 1133 1227 1195 in·
1269 1125 1275 1138 “

173 1249 323 1316 struens;
355 1259 444 1301 nunc
472 1246 580 1300 aetate
608 1235 726 1311 media,
752 1235 909 1298 candenti
936 1235 1055 1310 canitie
1083 1236 1225 1299 lucidus

121 1376 149 1408 ιο
172 1343 245 1425 quis
283 1343 337 1406 ille
376 1362 475 1424 quem
509 1339 669 1422 temporis
707 1339 828 1402 modici
866 1339 1009 1421 spatium
1049 1340 1229 1422 repentina

171 1456 309 1510 senecta
342 1444 561 1509 reformauit?
624 1442 670 1505 nil
704 1443 793 1505 aliud
827 1442 1006 1524 repperies,
1041 1444 1087 1505 mi
1121 1464 1228 1522 soror,

171 1571 273 1632 quam
301 1550 355 1612 uel
382 1547 593 1612 mendacium
620 1546 717 1610 istam
749 1546 927 1628 pessimam
957 1547 1118 1610 feminam
1151 1568 1231 1612 con-

171 1655 308 1734 fingere,
326 1654 379 1715 uel
400 1648 543 1716 formam
566 1651 676 1713 mariti
697 1650 748 1714 sui
768 1650 904 1713 nescire.
951 1670 1092 1732 quorum
1113 1660 1230 1714 utrum

173 1777 289 1820 uerum
309 1766 368 1832 est,
388 1756 507 1838 opibus
526 1755 597 1819 istis
615 1775 715 1838 quam
734 1755 878 1836 primum
898 1755 1149 1817 exterminanda
1167 1766 1229 1819 est.

122 1894 150 1940 15
174 1860 263 1943 quod
284 1860 311 1922 si
332 1860 394 1922 uiri
419 1860 471 1923 sui
493 1858 615 1922 faciem
638 1859 779 1940 ignorat,
797 1858 860 1921 deo
882 1858 1034 1939 proiecto
1057 1858 1229 1940 denupsit,

174 1974 207 2027 et
225 1964 325 2026 deum
344 1963 440 2027 nobis
462 1962 702 2046 praegnatione
727 1962 790 2025 ista
814 1961 908 2043 gerit.
955 1972 1044 2025 certe
1071 1962 1100 2025 si
1123 1963 1232 2026 diuini

174 2059 284 2150 puelli,
302 2068 392 2151 quod
408 2067 502 2143 absit,
521 2068 604 2130 haec
620 2075 726 2129 mater
742 2065 891 2142 audierit,
909 2066 1020 2128 statim
1037 2086 1090 2128 me
1107 2066 1231 2148 laqueo

174 2171 273 2234 nexili
303 2172 516 2254 suspendam.
575 2190 655 2252 ergo
683 2169 813 2232 interim
840 2170 883 2232 ad
911 2178 1067 2250 parentes
1094 2180 1231 2235 nostros

174 2276 358 2353 redeamus,
382 2285 416 2339 et
443 2274 578 2338 exordio
603 2273 765 2336 sermonis
790 2272 888 2336 huius
910 2292 1010 2355 quam
1034 2274 1231 2337 concolores

120 2410 151 2441 ω
173 2379 324 2442 fallacias
340 2379 555 2443 adtexamus.’

219 2501 271 2561 17.
298 2483 344 2547 sic
365 2482 598 2558 inflammatae,
617 2480 810 2564 parentibus
825 2480 1034 2544 fastidienter
1049 2481 1231 2563 appellatis

76 2606 81 2616 ·
172 2597 208 2651 et
235 2596 333 2651 nocte
360 2585 501 2650 turbatis
529 2585 659 2667 uigiliis,
685 2585 835 2667 perditae
862 2585 1023 2648 matutino
1052 2578 1230 2668 scopulum

172 2692 359 2773 peruolant,
377 2699 410 2754 et
431 2690 509 2753 inde
531 2689 619 2753 soliti
642 2688 733 2752 uenti
756 2688 921 2770 praesidio
945 2690 1106 2752 uehentes
1129 2690 1232 2753 deuo-

174 2795 253 2870 lant,
270 2793 480 2876 lacrimisque
497 2813 654 2875 pressura
673 2793 908 2875 palpebrarum
930 2792 1053 2856 coactis
1070 2793 1133 2855 hoc
1153 2806 1231 2857 astu

121 2927 150 2973 25
176 2899 320 2980 puellam
344 2897 535 2979 appellant:
566 2902 619 2960 ‘tu
640 2897 774 2978 quidem
794 2896 882 2971 felix,
900 2905 934 2959 et
952 2897 1025 2978 ipsa
1043 2896 1128 2959 tanti
1149 2899 1231 2960 mali

175 3001 363 3083 ignorantia
375 3001 482 3076 beata,
498 3001 594 3064 sedes
608 3000 773 3063 incuriosa
790 2999 928 3082 periculi
939 3000 1006 3063 tui:
1030 3020 1091 3063 nos
1104 3009 1228 3076 autem,

175 3127 260 3189 quae
280 3104 434 3188 peruigili
453 3125 533 3167 cura
553 3104 653 3167 rebus
673 3104 738 3167 tuis
762 3104 972 3180 excubamus
990 3103 1139 3168 cladibus
1162 3105 1231 3167 tuis

132 3262 145 3273 Ι
175 3210 295 3274 misere
318 3209 511 3273 cruciamur.
559 3228 619 3290 pro
643 3228 722 3270 uero
745 3228 890 3291 namque
913 3207 1143 3290 comperimus,
1166 3227 1230 3271 nec

175 3323 217 3391 te,
236 3313 345 3377 sociae
364 3312 489 3375 scilicet
508 3311 631 3375 doloris
650 3332 814 3394 casusque
835 3313 892 3389 tui,
910 3299 1017 3378 celare
1039 3335 1229 3397 possumus,

123 3447 152 3492 30
176 3419 355 3480 immanem
375 3415 546 3479 colubrum
567 3415 759 3478 multinodis
781 3416 1006 3480 uoluminibus
1026 3428 1229 3501 serpentem,

177 3541 308 3585 ueneno
324 3520 421 3583 noxio
446 3520 531 3583 colla
555 3519 820 3599 sanguinantem,
842 3520 1056 3603 hiantemque
1080 3522 1233 3605 ingluuie

176 3625 352 3708 profunda,
377 3633 488 3687 tecum
520 3622 673 3689 noctibus
701 3623 843 3691 latenter
870 3625 1093 3711 adquiescere.
1141 3645 1234 3694 nunc
