2684 4094
591 273 761 325 nrvnsrvs
1170 265 1229 342 167

150 495 152 501 ,
175 428 234 492 sed
251 440 367 496 contra
383 429 587 504 uoluntatem
605 431 755 506 Veneris,
773 451 877 494 nurus
898 451 1002 506 meae,
1020 452 1120 513 quam
1142 431 1228 494 filiae

174 552 308 615 semper
324 533 423 597 dilexi
437 533 519 610 loco,
537 544 708 616 praestare
729 555 781 597 me
801 534 909 616 pudor
929 556 995 598 non
1015 535 1101 598 sinit.
1148 546 1227 598 tunc

174 637 274 701 etiam
299 637 439 719 legibuS,
457 657 542 721 quae
567 659 682 701 seruos
707 639 832 702 alienos
856 640 1016 721 perfugas
1040 639 1151 703 inuitis
1175 640 1228 703 do

174 742 271 806 minis
287 751 404 806 uetant
421 741 553 824 suscipi,
572 741 769 824 prohibeor.’

135 875 150 922 ⁵
217 864 250 926 5.
275 847 339 911 isto
367 866 500 929 quoque
523 847 677 910 fortunae
699 847 876 929 naufragio
899 849 1028 933 Psyche
1052 849 1228 930 perterrita
1268 902 1271 908 .

174 971 236 1015 nec
262 951 417 1034 indipisci
443 951 510 1014 iam
537 951 692 1015 maritum
720 951 888 1015 uolatilem
919 952 1036 1034 quiens
1066 962 1136 1015 tota
1168 973 1228 1034 spe

173 1056 290 1119 salutis
321 1055 473 1137 deposita
505 1055 552 1118 sic
583 1056 656 1137 ipsa
687 1076 764 1118 suas
795 1055 1013 1136 cogitationes
1043 1056 1227 1119 consuluit:

175 1159 258 1221 ‘iam
289 1179 376 1243 quae
408 1169 551 1242 possunt
581 1159 645 1222 alia
676 1159 758 1222 meis
789 1159 956 1223 aerumnis
986 1159 1144 1245 temptari
1174 1160 1228 1222 uel

127 1306 130 1311 -
173 1263 323 1326 adhiberi
348 1263 504 1340 subsidia,
529 1263 582 1327 cui
606 1283 668 1326 nec
693 1263 831 1326 dearum
857 1263 1000 1345 quidem,
1025 1284 1226 1346 quamquam

121 1396 149 1428 10
172 1367 364 1443 uolentium,
385 1378 565 1449 potuerunt
582 1368 742 1449 prodesse
764 1367 948 1448 suffragia?
994 1388 1152 1449 quorsum
1171 1367 1228 1430 ita-

127 1515 129 1518 >
173 1491 237 1554 que
253 1471 355 1535 tantis
372 1471 500 1553 laqueis
516 1472 644 1534 inclusa
656 1471 835 1553 uestigium
852 1471 1027 1553 porrigam,
1042 1471 1227 1553 quibusque

172 1574 268 1639 tectis
299 1574 353 1638 uel
383 1576 483 1638 etiam
514 1575 659 1638 tenebris
690 1575 886 1638 abscondita
917 1595 1058 1656 magnae
1085 1575 1227 1639 Veneris

172 1678 381 1742 ineuitabiles
412 1678 526 1742 oculos
560 1679 746 1760 effugiam?
792 1678 872 1761 quin
908 1678 1009 1759 igitur
1042 1678 1226 1740 masculum

172 1782 308 1845 tandem
326 1782 429 1846 sumis
445 1782 602 1858 animum,
620 1793 654 1846 et
669 1802 784 1845 cassae
801 1782 956 1864 speculae
976 1782 1147 1844 renuntias
1164 1783 1228 1844 for·

120 1915 148 1962 ις
171 1885 257 1962 titer,
276 1895 310 1950 et
337 1886 523 1949 ultroneam
546 1896 580 1948 te
603 1885 758 1948 dominae
781 1896 858 1949 tuae
882 1886 1001 1961 reddis,
1019 1895 1054 1948 et
1076 1885 1130 1947 uel
1153 1906 1227 1948 scra

173 1989 336 2053 modestia
360 1990 548 2052 saeuientes
576 1988 720 2071 impetus
748 1989 819 2052 eius
846 1989 1002 2070 mitigas?
1047 1989 1104 2072 qui
1130 1989 1224 2064 scias,

172 2114 215 2156 an
236 2093 336 2157 etiam
360 2113 460 2176 quem
483 2092 539 2156 diu
563 2093 731 2175 quaeritas
754 2093 819 2156 illic
842 2093 875 2155 in
900 2094 999 2156 domo
1019 2093 1133 2155 matris
1155 2113 1226 2174 rep-

172 2197 324 2278 peries?’
384 2197 430 2260 sic
454 2196 496 2258 ad
520 2195 657 2259 dubium
680 2195 886 2278 obsequium,
904 2197 1005 2259 immo
1032 2197 1075 2259 ad
1098 2207 1226 2259 certum

172 2301 306 2364 exitium
324 2310 523 2383 praeparata
539 2300 737 2382 principium
759 2300 892 2362 futurae
914 2320 1025 2362 secum
1048 2300 1227 2363 meditaba-

119 2438 149 2470 ω
171 2414 226 2467 tur
241 2404 488 2468 obsecrationis.

215 2511 248 2574 6.
274 2518 309 2572 at
330 2510 448 2572 Venus
474 2509 616 2572 terrenis
639 2508 792 2571 remediis
823 2508 1044 2590 inquisitionis
1075 2509 1225 2571 abnuens

172 2612 301 2676 caelum
318 2611 410 2696 petit.
457 2611 549 2674 iubet
565 2612 712 2674 construi
727 2633 860 2674 currum
886 2632 985 2694 quem
1007 2612 1038 2673 ei
1054 2612 1226 2674 Vulcanus

172 2717 301 2780 aurifex
317 2715 429 2778 subtili
445 2716 573 2778 fabrica
589 2715 735 2778 studiose
755 2715 919 2797 poliuerat
937 2725 970 2778 et
989 2725 1066 2778 ante
1088 2716 1226 2777 thalami

171 2820 396 2884 rudimentum
420 2819 569 2901 nuptiale
593 2840 714 2881 munus
738 2818 912 2894 obtulerat,
937 2819 1034 2881 limae
1058 2819 1226 2881 tenuantis

118 2957 147 3004 ος
172 2924 371 2988 detrimento
392 2923 610 3005 conspicuum
627 2934 659 2985 et
675 2922 779 3004 ipsius
799 2922 870 2985 auri
888 2923 1011 2985 damno
1033 2922 1223 3004 pretiosum.

171 3028 213 3091 de
230 3027 342 3090 multis
362 3047 447 3110 quae
467 3026 554 3090 circa
576 3026 764 3090 cubiculum
786 3026 940 3089 dominae
964 3027 1133 3090 stabulant
1154 3048 1226 3108 pro

171 3132 296 3196 cedunt
320 3141 476 3215 quattuor
499 3130 661 3194 candidae
685 3130 868 3205 columbae,
893 3139 927 3192 et
953 3129 1066 3192 hilaris
1093 3130 1225 3192 incessi-

172 3237 235 3300 bus
262 3236 351 3318 picta
379 3234 464 3298 colla
490 3244 684 3316 torquentes
711 3233 825 3315 iugum
854 3253 1043 3314 gemmeum
1071 3234 1223 3309 subeunt,

172 3351 395 3423 susceptaque
427 3338 561 3402 domina
590 3337 697 3401 laetae
728 3337 914 3401 subuolant.
976 3357 1108 3401 currum
1142 3338 1224 3400 deae

118 3475 149 3521 30
172 3455 414 3528 prosequentes
439 3441 578 3525 gannitu
606 3441 833 3523 constrepenti
860 3441 975 3504 lasciui
1004 3450 1041 3503 ut
1071 3461 1224 3522 passeres

172 3559 206 3612 et
236 3557 481 3630 ceterae‘quae
508 3545 605 3608 dulce
632 3545 795 3608 cantitant
821 3565 901 3607 aues
928 3545 1055 3607 melleis
1082 3546 1223 3607 modulis

173 3673 277 3716 suaue
298 3660 494 3714 resonantes
516 3649 697 3712 aduentum
722 3648 804 3710 deae
828 3649 1053 3730 pronuntiant.
1101 3649 1224 3711 cedunt
