2684 4094
162 232 201 300 52
423 234 634 283 FRAGMENTS
657 234 703 283 or
725 233 852 283 ROMAN
875 234 1001 284 serrae

514 409 578 453 EST
602 410 717 454 Monvs
741 409 908 454 MATVLAE

624 513 695 588 Περὶ
712 512 796 589 μέθης

574 632 627 686 Tne
635 633 726 702 preire
739 634 773 702 os
779 634 852 686 wine.

150 743 214 831 ¹49.
247 750 325 814 uin&
341 752 423 814 nihil
439 750 613 815 iucimdius
630 751 802 835 quisquim
820 753 910 816 bibit.

248 857 309 919 hoc
327 856 568 937 aegritudinem
585 853 627 918 id
644 856 841 919 medendam
860 857 1067 933 inuenerunt,

248 961 309 1022 hoc
326 958 500 1022 hilaritatis
517 959 614 1022 dirlce
632 958 852 1036 seminirium,

247 1065 309 1125 hoe
326 1062 473 1127 crintinet
489 1062 664 1145 coigulum
680 1063 844 1128 conuiuia.
1066 1093 1141 1145 Non,
1156 1092 1200 1144 23,
1219 1058 1261 1145 13⁸,

369 1268 447 1321 Even
460 1269 501 1321 the
512 1270 577 1338 pods
589 1270 735 1321 themselves
747 1270 782 1321 do
794 1279 839 1322 not
850 1270 956 1322 disdain
970 1271 1044 1323 wine.

159 1404 213 1465 50.
290 1408 357 1450 non
378 1387 473 1450 uides
494 1387 585 1469 ipsos
607 1389 697 1462 deos,
717 1388 745 1451 si
766 1389 900 1471 quando
921 1386 1038 1452 uolun't
1059 1399 1194 1470 gustare
1216 1391 1263 1453 ui-

246 1512 336 1566 num,
356 1493 514 1572 derepere
537 1493 578 1554 ad
601 1492 772 1555 hominum
793 1493 874 1554 fana
895 1502 928 1555 et
948 1490 1108 1556 temetum
1130 1493 1194 1577 ipsi
1215 1495 1263 1556 illi

248 1594 369 1657 Libero
386 1594 550 1675 simpuuio
567 1595 721 1659 uinitari?
1047 1625 1122 1678 Non,
1139 1637 1199 1692 544,
1215 1624 1259 1676 25·

609 1868 809 1913 EVMENIDES

177 1977 268 2029 slaves
281 1994 326 2029 are
339 1976 487 2046 arranpiny
499 1978 539 2028 the
552 1977 802 2047 banquetiny-room‚
815 1979 871 2029 and
883 1978 1047 2048 exchanqinq
1060 1978 1241 2047 vituperation.

158 2112 212 2175 51.
247 2095 343 2178 ‘quin
354 2094 435 2157 mr'hi
445 2093 652 2177 caperratim
662 2105 753 2158 tuam
766 2097 920 2170 frontem,
933 2096 1086 2172 Strobile,
1099 2096 1259 2159 omittis?’

1091 2200 1164 2251 Non.
1178 2197 1202 2248 8.
1216 2212 1260 2265 32·

158 2307 212 2370 52.
247 2296 264 2352 ⁶.
290 2340 297 2353 .
321 2310 411 2353 nunc
427 2290 535 2354 corius
551 2288 677 2353 ilmum
694 2299 772 2354 tuus
790 2289 926 2372 depiuit
938 2291 949 2354 ?
961 2292 967 2314 ’
978 2328 1022 2336 —
1033 2298 1040 2323 ‘
1051 2292 1163 2373 pergis
1175 2292 1185 2352 ?
1198 2292 1203 2314 ’
1215 2328 1260 2336 —

335 2399 342 2426 ‘
354 2393 443 2457 Heia
454 2395 460 2457 !
472 2395 478 2419 ³
757 2413 760 2418 ‘
1055 2423 1128 2475 Non.
1145 2436 1201 2490 199.
1219 2435 1258 2487 14·

399 2598 452 2651 Tne
465 2600 528 2662 nost,
541 2615 558 2650 a
574 2597 668 2666 Cyme,
677 2615 806 2667 properes
812 2598 862 2668 sor
873 2600 914 2651 ieie
926 2608 1021 2669 queste,

157 2733 211 2796 53.
289 2715 378 2798 quod
403 2734 442 2777 ea
467 2714 520 2777 die
545 2734 620 2776 mea
645 2724 716 2780 erat
741 2715 913 2795 praebitio,
938 2715 971 2776 in
997 2715 1130 2778 ianuam
1159 2722 1259 2778 ‘caue

245 2820 381 2883 canem’
399 2816 533 2881 inscribi
548 2817 654 2880 iubeo.
984 2813 985 2816 ’
1045 2847 1120 2898 Non⁸
1139 2859 1197 2914 152,
1212 2860 1256 2913 32·

164 3025 237 3088 Wn,
257 3042 287 3077 as
307 3024 393 3087 usual,
412 3023 490 3075 ebnse
509 3023 700 3091 philosopher,
719 3025 775 3076 and
792 3024 898 3076 declare
916 3025 983 3076 them
1002 3025 1040 3075 all
1058 3026 1127 3090 mad,
1146 3024 1198 3075 like
1216 3024 1258 3075 tie

583 3119 632 3161 rest
651 3110 686 3177 of
700 3109 834 3161 mankind.

159 3244 212 3307 54.
247 3225 469 3308 Empedocles
485 3234 582 3287 natos
599 3223 750 3286 homines
767 3243 807 3286 ex
822 3233 911 3285 terra
927 3223 971 3285 ait
987 3233 1023 3311 ut
1039 3222 1166 3284 blitum.

1055 3326 1128 3377 Non.
1144 3337 1201 3392 55ο.
1219 3337 1258 3390 13.

158 3427 212 3491 55.
246 3411 414 3491 postremo
430 3429 528 3471 nemo
545 3405 702 3488 aegrdtus
719 3407 895 3489 quicquam
913 3404 1055 3468 s6mniat

245 3524 313 3577 tarn
330 3512 514 3586 infindum,
533 3512 621 3594 quod
637 3532 705 3573 non
721 3508 838 3591 iliquis
855 3510 943 3572 dicat
960 3507 1188 3590 philosophus.

1064 3611 1139 3663 Non.
1155 3623 1197 3677 55.
1212 3624 1256 3676 32·
