2684 4094
587 270 757 320 APVLEIVS
1062 311 1065 316 .
1164 275 1221 340 145

172 447 324 509 prorsum
355 428 464 502 homo,
497 427 598 490 immo
629 428 805 502 semideus,
838 427 892 490 uel
923 437 1011 491 certe
1043 429 1134 504 deuS,
1167 429 1224 510 qui

172 551 314 612 magnae
345 531 425 594 artis
458 531 640 613 suptilitate
674 541 804 598 tantum
843 531 998 594 efferauit
1036 542 1221 613 argentum.

171 634 259 696 enim
279 655 358 698 uero
377 634 571 716 pauimenta
589 634 662 717 ipsa
681 635 793 716 lapide
812 635 958 716 pretioso
979 636 1101 699 caesim
1124 636 1224 698 demi-

171 749 252 801 nuto
279 739 313 801 in
340 739 433 800 uaria
459 739 608 820 picturae
638 723 763 819 genera
794 739 1071 802 discriminantur.
1126 740 1224 802 uehe-

133 870 147 916 5
171 854 300 905 menter
315 843 434 906 iterum
451 863 490 905 ac
507 842 640 924 saepius
656 843 773 906 beatos
789 833 863 906 illos
880 843 937 926 qui
953 864 1054 924 super
1073 864 1223 924 gemmas

172 955 204 1008 et
227 947 363 1009 monilia
386 947 533 1009 calcant!
586 945 652 1008 iam
675 957 806 1013 ceterae
830 958 943 1028 partes
967 947 1067 1029 longe
1091 948 1222 1028 lateque

171 1042 352 1132 dispositae
373 1051 492 1113 domus
513 1050 585 1113 sinc
604 1050 711 1132 pretio
735 1051 911 1132 pretiosae,
928 1051 1055 1132 totique
1079 1052 1223 1133 parietes

171 1153 302 1236 solidati
328 1153 446 1216 massis
472 1153 590 1230 aureis,
616 1153 794 1236 splendore
818 1153 952 1236 proprio
976 1164 1161 1230 coruscant,
1186 1166 1222 1217 ut

171 1257 258 1320 diem
286 1278 382 1320 suurn
410 1257 472 1321 sibi
499 1259 617 1321 domus
644 1257 756 1333 faciat,
782 1257 859 1320 licet
889 1259 959 1321 sole
989 1259 1143 1321 nolente:
1176 1258 1222 1322 sic

120 1391 147 1422 10
171 1361 332 1437 cubicula,
349 1361 395 1424 sic
416 1361 570 1444 porticus,
589 1361 636 1424 sic
655 1361 748 1444 ipsae
769 1361 910 1427 balneae
932 1362 1112 1443 fulgurant.
1161 1384 1222 1427 nec

171 1465 273 1527 setius
289 1486 370 1546 opes
386 1476 517 1528 ceterae
534 1464 699 1527 maiestati
714 1465 834 1529 domus
851 1466 1063 1547 respondent,
1081 1477 1117 1528 ut
1135 1468 1222 1549 equi-

171 1569 247 1631 dem
271 1569 351 1631 illud
374 1579 464 1632 recte
487 1569 640 1632 uideatur
660 1569 704 1631 ad
727 1569 1016 1632 conuersationem
1040 1569 1220 1632 humanam

171 1692 294 1754 magno
312 1672 384 1735 Ioui
399 1672 598 1735 fabricatum
614 1673 758 1735 caeleste
775 1673 943 1754 palatium.

214 1791 246 1840 2.
271 1777 412 1839 inuitata
436 1776 565 1861 Psyche
587 1775 704 1838 talium
727 1776 875 1838 locorum
901 1777 1123 1839 oblectatione
1151 1799 1222 1859 pro-

120 1909 146 1955 15
162 1881 246 1969 pius
269 1881 418 1956 accessit,
440 1890 473 1943 et
497 1880 597 1962 paulo
621 1880 775 1942 fidentior
798 1880 883 1942 intra
907 1880 1007 1942 limen
1031 1901 1105 1944 sese
1129 1881 1219 1943 facit.

171 2005 246 2047 mox
274 1984 480 2066 prolectante
507 1984 617 2047 studio
644 1983 887 2065 pulcherrimae
918 1984 1055 2047 uisionis
1085 1985 1222 2047 miratur

171 2088 310 2170 singula,
335 2097 369 2151 et
396 2088 593 2150 altrinsecus
619 2087 751 2150 aedium
783 2087 901 2150 horrea
932 2087 1064 2150 sublimi
1095 2088 1222 2151 fabrica

170 2192 320 2273 perfecta
343 2191 541 2273 magnisque
564 2202 724 2272 congesta
746 2190 837 2271 gazis
861 2190 1032 2272 conspicit.
1084 2211 1145 2254 nec
1171 2201 1222 2255 est

170 2295 347 2378 quicquam
369 2295 458 2377 quod
481 2294 526 2357 ibi
548 2315 616 2357 non
639 2304 698 2358 est.
746 2294 806 2357 sed
828 2304 962 2376 praeter
984 2305 1130 2358 ceteram
1152 2304 1222 2358 tan-

117 2431 147 2461 ω
170 2409 278 2461 tarum
313 2397 502 2460 diuitiarum
541 2397 793 2461 admirationem
832 2399 895 2460 hoc
933 2407 1005 2461 erat
1042 2398 1221 2480 praecipue

171 2502 352 2578 mirificum,
384 2502 474 2585 quod
504 2503 594 2565 nullo
632 2502 775 2578 uinculo
814 2503 905 2565 nullo
944 2503 1097 2578 claustr0,
1129 2503 1221 2564 nullo

171 2607 317 2682 custode,
336 2605 437 2668 totius
460 2606 549 2669 orbis
571 2607 773 2669 thensaurus
795 2605 850 2669 ille
872 2606 1091 2668 muniebatur.
1139 2606 1221 2669 haec

171 2709 202 2773 ei
224 2729 353 2772 summa
376 2729 452 2772 cum
475 2710 647 2791 uoluptate
670 2709 792 2772 uisenti
815 2710 915 2771 offert
939 2729 1012 2771 sese
1036 2729 1101 2771 uox
1125 2730 1222 2790 quae-

171 2814 247 2875 dam
264 2813 411 2895 corporis
430 2813 482 2876 sui
497 2814 595 2888 nuda,
613 2822 656 2889 et,
675 2813 791 2895 ‘quid’
809 2813 924 2894 inquit,
943 2812 1103 2888 ‘domina
1120 2814 1222 2876 tantis

117 2948 146 2994 25
171 2917 379 2998 obstupescis
409 2917 553 2997 opibus?
590 2927 648 2980 tua
679 2926 757 2980 sunt
787 2917 870 2979 haec
901 2916 1020 2979 omnia.
1082 2917 1222 2998 prohinc

171 3021 322 3084 cubiculo
346 3031 380 3084 te
404 3021 502 3097 teter,
520 3030 554 3084 et
578 3021 700 3083 lectulo
723 3020 951 3083 lassitudinem
980 3020 1106 3095 reloue,
1126 3031 1159 3082 et
1183 3041 1223 3082 ex

172 3125 306 3188 arbitrio
322 3124 492 3188 lauacrum
508 3135 594 3206 pete.
641 3145 711 3200 nos,
726 3144 866 3206 quarum
883 3144 983 3186 uoces
999 3124 1131 3205 accipis
1145 3135 1222 3186 tuae

172 3229 327 3305 famulae,
352 3230 468 3292 sedulo
497 3228 558 3292 tibi
588 3227 949 3311 praeministrabimus3
982 3247 1044 3289 nec
1063 3227 1223 3313 'corporis

172 3344 307 3396 curatae
322 3332 382 3396 tibi
397 3333 527 3414 regales
543 3334 663 3414 epulae
679 3332 916 3395 morabuntur.'

117 3468 147 3512 30
215 3455 248 3514 3.
274 3436 377 3499 sensit
401 3437 530 3520 Psyche
555 3436 689 3499 diuinae
714 3435 944 3516 prouidentiae
972 3435 1221 3510 beatitudinem,

172 3541 383 3622 monitusque
407 3561 507 3602 uoces
530 3539 691 3602 informes
715 3539 854 3601 audiens
878 3549 910 3601 et
935 3539 1025 3620 prius
1049 3559 1166 3600 somno
1190 3548 1224 3602 et

172 3666 248 3707 mox
278 3645 411 3707 lauacro
447 3643 678 3725 fatigationem
715 3643 766 3705 sui
799 3642 904 3716 diluit,
940 3642 1077 3723 uisoque
1112 3641 1223 3704 statim

252 3757 474 3794 masan-10
