<?xml version="1.0" encoding="UTF-8"?>
<!DOCTYPE html PUBLIC "-//W3C//DTD XHTML 1.0 Transitional//EN"
    "http://www.w3.org/TR/xhtml1/DTD/xhtml1-transitional.dtd">
<html xmlns="http://www.w3.org/1999/xhtml" xml:lang="en" lang="en">
 <head>
  <title>
</title>
<meta http-equiv="Content-Type" content="text/html;charset=utf-8" />
  <meta name='ocr-system' content='tesseract 3.04.00' />
  <meta name='ocr-capabilities' content='ocr_page ocr_carea ocr_par ocr_line ocrx_word'/>
</head>
<body>
  <div class='ocr_page' id='page_1' title='image "./fragmentsromans00unkngoog_0133.png"; bbox 0 0 2684 4094; ppageno 0'>
   <div class='ocr_carea' id='block_1_1' title="bbox 128 243 966 320">
    <p class='ocr_par' dir='ltr' id='par_1_1' title="bbox 128 243 966 320">
     <span class='ocr_line' id='line_1_1' title="bbox 128 243 966 320; baseline -0.013 -14"><span class='ocrx_word' id='word_1_1' title='bbox 128 255 188 320; x_wconf 83' lang='lat'>124</span> <span class='ocrx_word' id='word_1_2' title='bbox 389 243 600 298; x_wconf 67' lang='lat' dir='ltr'>rrrxcnnnrs</span> <span class='ocrx_word' id='word_1_3' title='bbox 623 244 668 297; x_wconf 78' lang='lat' dir='ltr'>or</span> <span class='ocrx_word' id='word_1_4' title='bbox 692 244 817 297; x_wconf 78' lang='lat' dir='ltr'>nomn</span> <span class='ocrx_word' id='word_1_5' title='bbox 840 246 966 298; x_wconf 80' lang='lat' dir='ltr'>sxnnr</span> 
     </span>
    </p>
   </div>
   <div class='ocr_carea' id='block_1_2' title="bbox 177 405 1240 783">
    <p class='ocr_par' dir='ltr' id='par_1_2' title="bbox 177 405 1240 783">
     <span class='ocr_line' id='line_1_2' title="bbox 177 405 1240 489; baseline -0.002 -17"><span class='ocrx_word' id='word_1_6' title='bbox 177 410 227 472; x_wconf 94' lang='lat' dir='ltr'>bis</span> <span class='ocrx_word' id='word_1_7' title='bbox 254 408 424 489; x_wconf 90' lang='lat' dir='ltr'>conceptis</span> <span class='ocrx_word' id='word_1_8' title='bbox 452 405 629 469; x_wconf 88' lang='lat' dir='ltr'>affirmauit</span> <span class='ocrx_word' id='word_1_9' title='bbox 656 425 691 468; x_wconf 88' lang='lat' dir='ltr'>se</span> <span class='ocrx_word' id='word_1_10' title='bbox 720 426 786 466; x_wconf 93' lang='lat' dir='ltr'>non</span> <span class='ocrx_word' id='word_1_11' title='bbox 814 405 1045 481; x_wconf 91' lang='lat' dir='ltr'>indicaturum,</span> <span class='ocrx_word' id='word_1_12' title='bbox 1071 406 1174 469; x_wconf 92' lang='lat' dir='ltr'>etiarn</span> <span class='ocrx_word' id='word_1_13' title='bbox 1208 408 1240 470; x_wconf 90' lang='lat' dir='ltr'>si</span> 
     </span>
     <span class='ocr_line' id='line_1_3' title="bbox 177 509 1237 575; baseline -0.002 1"><span class='ocrx_word' id='word_1_14' title='bbox 177 514 210 575; x_wconf 96' lang='lat' dir='ltr'>in</span> <span class='ocrx_word' id='word_1_15' title='bbox 245 512 353 575; x_wconf 92' lang='lat' dir='ltr'>medio</span> <span class='ocrx_word' id='word_1_16' title='bbox 388 511 461 573; x_wconf 85' lang='lat' dir='ltr'>foro</span> <span class='ocrx_word' id='word_1_17' title='bbox 497 509 665 572; x_wconf 92' lang='lat' dir='ltr'>hominem</span> <span class='ocrx_word' id='word_1_18' title='bbox 701 509 844 572; x_wconf 90' lang='lat' dir='ltr'>occisum</span> <span class='ocrx_word' id='word_1_19' title='bbox 880 509 1026 572; x_wconf 88' lang='lat' dir='ltr'>uidisset.</span> <span class='ocrx_word' id='word_1_20' title='bbox 1089 510 1131 573; x_wconf 93' lang='lat' dir='ltr'>ab</span> <span class='ocrx_word' id='word_1_21' title='bbox 1169 512 1237 574; x_wconf 92' lang='lat' dir='ltr'>hoc</span> 
     </span>
     <span class='ocr_line' id='line_1_4' title="bbox 177 614 1238 698; baseline -0.001 -19"><span class='ocrx_word' id='word_1_22' title='bbox 177 637 240 697; x_wconf 86' lang='lat' dir='ltr'>ego</span> <span class='ocrx_word' id='word_1_23' title='bbox 264 626 442 698; x_wconf 88' lang='lat' dir='ltr'>quactum</span> <span class='ocrx_word' id='word_1_24' title='bbox 467 614 588 689; x_wconf 92' lang='lat' dir='ltr'>audiui,</span> <span class='ocrx_word' id='word_1_25' title='bbox 613 623 703 677; x_wconf 88' lang='lat' dir='ltr'>certa</span> <span class='ocrx_word' id='word_1_26' title='bbox 727 614 815 676; x_wconf 89' lang='lat' dir='ltr'>clara</span> <span class='ocrx_word' id='word_1_27' title='bbox 839 614 953 690; x_wconf 88' lang='lat' dir='ltr'>affero,</span> <span class='ocrx_word' id='word_1_28' title='bbox 979 614 1024 677; x_wconf 90' lang='lat' dir='ltr'>ita</span> <span class='ocrx_word' id='word_1_29' title='bbox 1048 614 1141 678; x_wconf 93' lang='lat' dir='ltr'>illum</span> <span class='ocrx_word' id='word_1_30' title='bbox 1172 617 1238 679; x_wconf 87' lang='lat' dir='ltr'>sal-</span> 
     </span>
     <span class='ocr_line' id='line_1_5' title="bbox 178 718 620 783; baseline -0.005 0"><span class='ocrx_word' id='word_1_31' title='bbox 178 741 256 783; x_wconf 95' lang='lat' dir='ltr'>uum</span> <span class='ocrx_word' id='word_1_32' title='bbox 273 730 305 783; x_wconf 91' lang='lat' dir='ltr'>et</span> <span class='ocrx_word' id='word_1_33' title='bbox 321 720 451 782; x_wconf 82' lang='lat' dir='ltr'>felicem</span> <span class='ocrx_word' id='word_1_34' title='bbox 471 718 620 781; x_wconf 83' lang='lat' dir='ltr'>habeam.</span> 
     </span>
    </p>
   </div>
   <div class='ocr_carea' id='block_1_3' title="bbox 129 872 1154 1474">
    <p class='ocr_par' dir='ltr' id='par_1_3' title="bbox 140 872 1154 1370">
     <span class='ocr_line' id='line_1_6' title="bbox 140 872 1124 951; baseline -0.001 -14"><span class='ocrx_word' id='word_1_35' title='bbox 140 904 154 951; x_wconf 88' lang='lat'>5</span> <span class='ocrx_word' id='word_1_36' title='bbox 179 893 211 939; x_wconf 84' lang='lat'>2.</span> <span class='ocrx_word' id='word_1_37' title='bbox 260 945 265 951; x_wconf 45' lang='grc'><strong>,</strong></span> <span class='ocrx_word' id='word_1_38' title='bbox 295 874 361 936; x_wconf 93' lang='lat' dir='ltr'>iam</span> <span class='ocrx_word' id='word_1_39' title='bbox 379 872 532 935; x_wconf 91' lang='lat' dir='ltr'>Phoebus</span> <span class='ocrx_word' id='word_1_40' title='bbox 549 872 700 936; x_wconf 91' lang='lat' dir='ltr'>breuiore</span> <span class='ocrx_word' id='word_1_41' title='bbox 716 872 771 935; x_wconf 97' lang='lat' dir='ltr'>uia</span> <span class='ocrx_word' id='word_1_42' title='bbox 786 882 995 935; x_wconf 85' lang='lat' dir='ltr'>contraxerat</span> <span class='ocrx_word' id='word_1_43' title='bbox 1010 873 1124 936; x_wconf 92' lang='lat' dir='ltr'>orbem</span> 
     </span>
     <span class='ocr_line' id='line_1_7' title="bbox 294 976 1085 1057; baseline 0 -18"><span class='ocrx_word' id='word_1_44' title='bbox 294 977 377 1040; x_wconf 93' lang='lat' dir='ltr'>lucis</span> <span class='ocrx_word' id='word_1_45' title='bbox 393 987 426 1039; x_wconf 91' lang='lat' dir='ltr'>et</span> <span class='ocrx_word' id='word_1_46' title='bbox 443 976 575 1039; x_wconf 88' lang='lat' dir='ltr'>obscuri</span> <span class='ocrx_word' id='word_1_47' title='bbox 591 977 785 1039; x_wconf 86' lang='lat' dir='ltr'>crescebant</span> <span class='ocrx_word' id='word_1_48' title='bbox 801 985 952 1057; x_wconf 89' lang='lat' dir='ltr'>tempora</span> <span class='ocrx_word' id='word_1_49' title='bbox 969 977 1085 1052; x_wconf 91' lang='lat' dir='ltr'>somni,</span> 
     </span>
     <span class='ocr_line' id='line_1_8' title="bbox 294 1080 1154 1165; baseline 0 -21"><span class='ocrx_word' id='word_1_50' title='bbox 294 1081 426 1163; x_wconf 93' lang='lat' dir='ltr'>iamque</span> <span class='ocrx_word' id='word_1_51' title='bbox 444 1101 538 1142; x_wconf 93' lang='lat' dir='ltr'>suum</span> <span class='ocrx_word' id='word_1_52' title='bbox 556 1080 673 1143; x_wconf 93' lang='lat' dir='ltr'>uictrix</span> <span class='ocrx_word' id='word_1_53' title='bbox 689 1081 833 1160; x_wconf 86' lang='lat' dir='ltr'>augebat</span> <span class='ocrx_word' id='word_1_54' title='bbox 850 1081 995 1165; x_wconf 90' lang='lat' dir='ltr'>Cynthia</span> <span class='ocrx_word' id='word_1_55' title='bbox 1011 1101 1154 1163; x_wconf 88' lang='lat' dir='ltr'>regnum</span> 
     </span>
     <span class='ocr_line' id='line_1_9' title="bbox 295 1184 1116 1266; baseline 0.001 -18"><span class='ocrx_word' id='word_1_56' title='bbox 295 1195 328 1248; x_wconf 93' lang='lat' dir='ltr'>et</span> <span class='ocrx_word' id='word_1_57' title='bbox 344 1185 504 1247; x_wconf 82' lang='lat' dir='ltr'>deformis</span> <span class='ocrx_word' id='word_1_58' title='bbox 521 1185 652 1266; x_wconf 91' lang='lat' dir='ltr'>hiemps</span> <span class='ocrx_word' id='word_1_59' title='bbox 668 1194 781 1265; x_wconf 86' lang='lat' dir='ltr'>gratos</span> <span class='ocrx_word' id='word_1_60' title='bbox 798 1184 957 1266; x_wconf 87' lang='lat' dir='ltr'>carpebat</span> <span class='ocrx_word' id='word_1_61' title='bbox 973 1186 1116 1249; x_wconf 89' lang='lat' dir='ltr'>honores</span> 
     </span>
     <span class='ocr_line' id='line_1_10' title="bbox 295 1288 1084 1370; baseline 0.001 -19"><span class='ocrx_word' id='word_1_62' title='bbox 295 1288 406 1351; x_wconf 91' lang='lat' dir='ltr'>diuitis</span> <span class='ocrx_word' id='word_1_63' title='bbox 422 1289 572 1351; x_wconf 83' lang='lat' dir='ltr'>autumni</span> <span class='ocrx_word' id='word_1_64' title='bbox 588 1288 744 1370; x_wconf 91' lang='lat' dir='ltr'>iussoque</span> <span class='ocrx_word' id='word_1_65' title='bbox 761 1308 934 1351; x_wconf 89' lang='lat' dir='ltr'>senescere</span> <span class='ocrx_word' id='word_1_66' title='bbox 953 1291 1084 1353; x_wconf 89' lang='lat' dir='ltr'>Baccho</span> 
     </span>
    </p>

    <p class='ocr_par' dir='ltr' id='par_1_4' title="bbox 129 1392 992 1474">
     <span class='ocr_line' id='line_1_11' title="bbox 129 1392 992 1474; baseline -0.001 -18"><span class='ocrx_word' id='word_1_67' title='bbox 129 1422 158 1456; x_wconf 88' lang='lat'>10</span> <span class='ocrx_word' id='word_1_68' title='bbox 295 1393 455 1474; x_wconf 87' lang='lat' dir='ltr'>carpebat</span> <span class='ocrx_word' id='word_1_69' title='bbox 467 1413 558 1455; x_wconf 88' lang='lat' dir='ltr'>raras</span> <span class='ocrx_word' id='word_1_70' title='bbox 575 1413 668 1455; x_wconf 86' lang='lat' dir='ltr'>serus</span> <span class='ocrx_word' id='word_1_71' title='bbox 685 1392 884 1455; x_wconf 93' lang='lat' dir='ltr'>uindemitor</span> <span class='ocrx_word' id='word_1_72' title='bbox 899 1414 992 1456; x_wconf 91' lang='lat' dir='ltr'>uuas.</span> 
     </span>
    </p>
   </div>
   <div class='ocr_carea' id='block_1_4' title="bbox 130 1549 1237 2250">
    <p class='ocr_par' dir='ltr' id='par_1_5' title="bbox 180 1549 1237 1943">
     <span class='ocr_line' id='line_1_12' title="bbox 181 1549 1235 1632; baseline 0.004 -20"><span class='ocrx_word' id='word_1_73' title='bbox 181 1559 261 1632; x_wconf 91' lang='lat' dir='ltr'>puto</span> <span class='ocrx_word' id='word_1_74' title='bbox 288 1549 395 1630; x_wconf 88' lang='lat' dir='ltr'>magis</span> <span class='ocrx_word' id='word_1_75' title='bbox 422 1550 577 1631; x_wconf 87' lang='lat' dir='ltr'>intellegi,</span> <span class='ocrx_word' id='word_1_76' title='bbox 607 1550 634 1613; x_wconf 95' lang='lat' dir='ltr'>si</span> <span class='ocrx_word' id='word_1_77' title='bbox 661 1549 791 1613; x_wconf 89' lang='lat' dir='ltr'>dixero:</span> <span class='ocrx_word' id='word_1_78' title='bbox 824 1550 947 1612; x_wconf 93' lang='lat' dir='ltr'>mensis</span> <span class='ocrx_word' id='word_1_79' title='bbox 974 1561 1044 1614; x_wconf 90' lang='lat' dir='ltr'>erat</span> <span class='ocrx_word' id='word_1_80' title='bbox 1072 1552 1235 1630; x_wconf 88' lang='lat' dir='ltr'>October,</span> 
     </span>
     <span class='ocr_line' id='line_1_13' title="bbox 180 1654 1237 1734; baseline 0.004 -18"><span class='ocrx_word' id='word_1_81' title='bbox 180 1655 252 1717; x_wconf 91' lang='lat' dir='ltr'>dies</span> <span class='ocrx_word' id='word_1_82' title='bbox 269 1655 334 1716; x_wconf 93' lang='lat' dir='ltr'>Ill.</span> <span class='ocrx_word' id='word_1_83' title='bbox 352 1654 426 1716; x_wconf 92' lang='lat' dir='ltr'>idus</span> <span class='ocrx_word' id='word_1_84' title='bbox 443 1654 606 1719; x_wconf 89' lang='lat' dir='ltr'>Octobris.</span> <span class='ocrx_word' id='word_1_85' title='bbox 655 1655 771 1716; x_wconf 89' lang='lat' dir='ltr'>horam</span> <span class='ocrx_word' id='word_1_86' title='bbox 788 1675 855 1715; x_wconf 91' lang='lat' dir='ltr'>non</span> <span class='ocrx_word' id='word_1_87' title='bbox 872 1675 1008 1734; x_wconf 91' lang='lat' dir='ltr'>possum</span> <span class='ocrx_word' id='word_1_88' title='bbox 1028 1665 1152 1718; x_wconf 91' lang='lat' dir='ltr'>certam</span> <span class='ocrx_word' id='word_1_89' title='bbox 1173 1658 1237 1721; x_wconf 93' lang='lat' dir='ltr'>tibi</span> 
     </span>
     <span class='ocr_line' id='line_1_14' title="bbox 181 1757 1236 1842; baseline 0.003 -21"><span class='ocrx_word' id='word_1_90' title='bbox 181 1759 299 1833; x_wconf 87' lang='lat' dir='ltr'>dicere,</span> <span class='ocrx_word' id='word_1_91' title='bbox 324 1758 455 1821; x_wconf 85' lang='lat' dir='ltr'>facilius</span> <span class='ocrx_word' id='word_1_92' title='bbox 478 1757 564 1820; x_wconf 88' lang='lat' dir='ltr'>inter</span> <span class='ocrx_word' id='word_1_93' title='bbox 587 1757 806 1839; x_wconf 92' lang='lat' dir='ltr'>philosophos</span> <span class='ocrx_word' id='word_1_94' title='bbox 829 1779 929 1839; x_wconf 93' lang='lat' dir='ltr'>quam</span> <span class='ocrx_word' id='word_1_95' title='bbox 952 1759 1038 1821; x_wconf 87' lang='lat' dir='ltr'>inter</span> <span class='ocrx_word' id='word_1_96' title='bbox 1061 1761 1236 1842; x_wconf 88' lang='lat' dir='ltr'>horologia</span> 
     </span>
     <span class='ocr_line' id='line_1_15' title="bbox 181 1861 1236 1943; baseline 0.003 -19"><span class='ocrx_word' id='word_1_97' title='bbox 181 1861 366 1936; x_wconf 91' lang='lat' dir='ltr'>conueniet,</span> <span class='ocrx_word' id='word_1_98' title='bbox 380 1871 491 1924; x_wconf 93' lang='lat' dir='ltr'>tamen</span> <span class='ocrx_word' id='word_1_99' title='bbox 504 1861 590 1924; x_wconf 91' lang='lat' dir='ltr'>inter</span> <span class='ocrx_word' id='word_1_100' title='bbox 605 1871 732 1924; x_wconf 87' lang='lat' dir='ltr'>sextam</span> <span class='ocrx_word' id='word_1_101' title='bbox 748 1871 781 1924; x_wconf 90' lang='lat' dir='ltr'>et</span> <span class='ocrx_word' id='word_1_102' title='bbox 797 1861 973 1943; x_wconf 88' lang='lat' dir='ltr'>septimam</span> <span class='ocrx_word' id='word_1_103' title='bbox 989 1873 1069 1925; x_wconf 89' lang='lat' dir='ltr'>erat.</span> <span class='ocrx_word' id='word_1_104' title='bbox 1116 1864 1236 1928; x_wconf 92' lang='lat' dir='ltr'>‘nimis</span> 
     </span>
    </p>

    <p class='ocr_par' dir='ltr' id='par_1_6' title="bbox 130 1960 1236 2250">
     <span class='ocr_line' id='line_1_16' title="bbox 130 1960 1236 2047; baseline 0.005 -20"><span class='ocrx_word' id='word_1_105' title='bbox 130 1995 157 2041; x_wconf 83' lang='lat'>15</span> <span class='ocrx_word' id='word_1_106' title='bbox 181 1966 319 2030; x_wconf 89' lang='lat' dir='ltr'>rustice&#39;</span> <span class='ocrx_word' id='word_1_107' title='bbox 334 1965 481 2047; x_wconf 92' lang='lat' dir='ltr'>inquies:</span> <span class='ocrx_word' id='word_1_108' title='bbox 505 1971 598 2028; x_wconf 89' lang='lat' dir='ltr'>‘cum</span> <span class='ocrx_word' id='word_1_109' title='bbox 615 1960 731 2027; x_wconf 82' lang='lat' dir='ltr'>omnes</span> <span class='ocrx_word' id='word_1_110' title='bbox 748 1975 876 2045; x_wconf 88' lang='lat' dir='ltr'>poetae,</span> <span class='ocrx_word' id='word_1_111' title='bbox 890 1985 957 2027; x_wconf 92' lang='lat' dir='ltr'>non</span> <span class='ocrx_word' id='word_1_112' title='bbox 975 1967 1123 2030; x_wconf 92' lang='lat' dir='ltr'>contenti</span> <span class='ocrx_word' id='word_1_113' title='bbox 1138 1978 1236 2032; x_wconf 92' lang='lat' dir='ltr'>ortus</span> 
     </span>
     <span class='ocr_line' id='line_1_17' title="bbox 181 2066 1236 2153; baseline 0.003 -21"><span class='ocrx_word' id='word_1_114' title='bbox 181 2080 214 2132; x_wconf 94' lang='lat' dir='ltr'>et</span> <span class='ocrx_word' id='word_1_115' title='bbox 233 2090 371 2132; x_wconf 90' lang='lat' dir='ltr'>occasus</span> <span class='ocrx_word' id='word_1_116' title='bbox 390 2069 585 2144; x_wconf 88' lang='lat' dir='ltr'>describere,</span> <span class='ocrx_word' id='word_1_117' title='bbox 608 2066 679 2153; x_wconf 91' lang='lat' dir='ltr'>[ut]</span> <span class='ocrx_word' id='word_1_118' title='bbox 702 2069 802 2131; x_wconf 87' lang='lat' dir='ltr'>etiam</span> <span class='ocrx_word' id='word_1_119' title='bbox 826 2069 972 2131; x_wconf 92' lang='lat' dir='ltr'>medium</span> <span class='ocrx_word' id='word_1_120' title='bbox 997 2070 1085 2134; x_wconf 91' lang='lat' dir='ltr'>diem</span> <span class='ocrx_word' id='word_1_121' title='bbox 1108 2070 1236 2153; x_wconf 92' lang='lat' dir='ltr'>inquie-</span> 
     </span>
     <span class='ocr_line' id='line_1_18' title="bbox 181 2172 945 2250; baseline -0.001 -14"><span class='ocrx_word' id='word_1_122' title='bbox 181 2183 260 2250; x_wconf 89' lang='lat' dir='ltr'>tent,</span> <span class='ocrx_word' id='word_1_123' title='bbox 278 2184 314 2236; x_wconf 90' lang='lat' dir='ltr'>tu</span> <span class='ocrx_word' id='word_1_124' title='bbox 331 2172 377 2236; x_wconf 92' lang='lat' dir='ltr'>sic</span> <span class='ocrx_word' id='word_1_125' title='bbox 394 2173 550 2236; x_wconf 92' lang='lat' dir='ltr'>transibis</span> <span class='ocrx_word' id='word_1_126' title='bbox 566 2174 682 2236; x_wconf 91' lang='lat' dir='ltr'>horam</span> <span class='ocrx_word' id='word_1_127' title='bbox 698 2183 765 2235; x_wconf 92' lang='lat' dir='ltr'>tam</span> <span class='ocrx_word' id='word_1_128' title='bbox 781 2172 904 2235; x_wconf 93' lang='lat' dir='ltr'>bonam</span> <span class='ocrx_word' id='word_1_129' title='bbox 916 2173 945 2235; x_wconf 91' lang='lat'>?&#39;</span> 
     </span>
    </p>
   </div>
   <div class='ocr_carea' id='block_1_5' title="bbox 128 2302 1114 2625">
    <p class='ocr_par' dir='ltr' id='par_1_7' title="bbox 128 2302 1114 2625">
     <span class='ocr_line' id='line_1_19' title="bbox 225 2302 1114 2392; baseline 0 -2"><span class='ocrx_word' id='word_1_130' title='bbox 225 2302 229 2306; x_wconf 66' lang='lat'>,</span> <span class='ocrx_word' id='word_1_131' title='bbox 296 2328 361 2390; x_wconf 91' lang='lat' dir='ltr'>iam</span> <span class='ocrx_word' id='word_1_132' title='bbox 379 2328 522 2390; x_wconf 93' lang='lat' dir='ltr'>medium</span> <span class='ocrx_word' id='word_1_133' title='bbox 540 2348 638 2391; x_wconf 90' lang='lat' dir='ltr'>curru</span> <span class='ocrx_word' id='word_1_134' title='bbox 657 2326 810 2390; x_wconf 91' lang='lat' dir='ltr'>Phoebus</span> <span class='ocrx_word' id='word_1_135' title='bbox 827 2327 984 2390; x_wconf 92' lang='lat' dir='ltr'>diuiserat</span> <span class='ocrx_word' id='word_1_136' title='bbox 1000 2328 1114 2392; x_wconf 92' lang='lat' dir='ltr'>orbem</span> 
     </span>
     <span class='ocr_line' id='line_1_20' title="bbox 296 2430 1060 2513; baseline 0.001 -19"><span class='ocrx_word' id='word_1_137' title='bbox 296 2441 329 2494; x_wconf 92' lang='lat' dir='ltr'>et</span> <span class='ocrx_word' id='word_1_138' title='bbox 346 2432 480 2513; x_wconf 92' lang='lat' dir='ltr'>propior</span> <span class='ocrx_word' id='word_1_139' title='bbox 495 2431 585 2494; x_wconf 91' lang='lat' dir='ltr'>nocti</span> <span class='ocrx_word' id='word_1_140' title='bbox 600 2432 708 2494; x_wconf 83' lang='lat' dir='ltr'>fessas</span> <span class='ocrx_word' id='word_1_141' title='bbox 725 2430 894 2513; x_wconf 88' lang='lat' dir='ltr'>quatiebat</span> <span class='ocrx_word' id='word_1_142' title='bbox 910 2432 1060 2495; x_wconf 87' lang='lat' dir='ltr'>habenas</span> 
     </span>
     <span class='ocr_line' id='line_1_21' title="bbox 128 2534 1103 2625; baseline 0.004 -31"><span class='ocrx_word' id='word_1_143' title='bbox 128 2561 158 2594; x_wconf 75' lang='grc' dir='ltr'><em>ω</em></span> <span class='ocrx_word' id='word_1_144' title='bbox 297 2536 430 2618; x_wconf 92' lang='lat' dir='ltr'>obliquo</span> <span class='ocrx_word' id='word_1_145' title='bbox 447 2536 565 2598; x_wconf 87' lang='lat' dir='ltr'>flexam</span> <span class='ocrx_word' id='word_1_146' title='bbox 581 2534 751 2598; x_wconf 90' lang='lat' dir='ltr'>deducens</span> <span class='ocrx_word' id='word_1_147' title='bbox 766 2534 896 2597; x_wconf 90' lang='lat' dir='ltr'>tramite</span> <span class='ocrx_word' id='word_1_148' title='bbox 913 2535 1040 2598; x_wconf 92' lang='lat' dir='ltr'>lucem:</span> <span class='ocrx_word' id='word_1_149' title='bbox 1101 2621 1103 2625; x_wconf 10' lang='lat' dir='ltr'>y</span> 
     </span>
    </p>
   </div>
   <div class='ocr_carea' id='block_1_6' title="bbox 95 2690 1235 3706">
    <p class='ocr_par' dir='ltr' id='par_1_8' title="bbox 95 2690 1235 3085">
     <span class='ocr_line' id='line_1_22' title="bbox 95 2690 1233 2771; baseline 0.001 -16"><span class='ocrx_word' id='word_1_150' title='bbox 95 2735 98 2738; x_wconf 87' lang='lat'>-</span> <span class='ocrx_word' id='word_1_151' title='bbox 181 2712 213 2769; x_wconf 82' lang='lat'>3.</span> <span class='ocrx_word' id='word_1_152' title='bbox 240 2690 398 2757; x_wconf 91' lang='lat' dir='ltr'>Claudius</span> <span class='ocrx_word' id='word_1_153' title='bbox 422 2691 566 2753; x_wconf 90' lang='lat' dir='ltr'>animam</span> <span class='ocrx_word' id='word_1_154' title='bbox 590 2710 690 2771; x_wconf 85' lang='lat' dir='ltr'>agere</span> <span class='ocrx_word' id='word_1_155' title='bbox 713 2691 823 2771; x_wconf 91' lang='lat' dir='ltr'>coepit</span> <span class='ocrx_word' id='word_1_156' title='bbox 846 2711 907 2753; x_wconf 93' lang='lat' dir='ltr'>nec</span> <span class='ocrx_word' id='word_1_157' title='bbox 932 2691 1082 2756; x_wconf 88' lang='lat' dir='ltr'>inuenire</span> <span class='ocrx_word' id='word_1_158' title='bbox 1107 2691 1233 2756; x_wconf 91' lang='lat' dir='ltr'>exitum</span> 
     </span>
     <span class='ocr_line' id='line_1_23' title="bbox 182 2794 1235 2879; baseline 0 -19"><span class='ocrx_word' id='word_1_159' title='bbox 182 2806 320 2879; x_wconf 90' lang='lat' dir='ltr'>poterat.</span> <span class='ocrx_word' id='word_1_160' title='bbox 367 2805 437 2858; x_wconf 92' lang='lat' dir='ltr'>tum</span> <span class='ocrx_word' id='word_1_161' title='bbox 456 2794 651 2870; x_wconf 86' lang='lat' dir='ltr'>Mercurius,</span> <span class='ocrx_word' id='word_1_162' title='bbox 669 2795 726 2876; x_wconf 94' lang='lat' dir='ltr'>qui</span> <span class='ocrx_word' id='word_1_163' title='bbox 742 2814 874 2876; x_wconf 88' lang='lat' dir='ltr'>semper</span> <span class='ocrx_word' id='word_1_164' title='bbox 890 2795 1024 2876; x_wconf 86' lang='lat' dir='ltr'>ingenio</span> <span class='ocrx_word' id='word_1_165' title='bbox 1041 2795 1110 2858; x_wconf 92' lang='lat' dir='ltr'>eius</span> <span class='ocrx_word' id='word_1_166' title='bbox 1127 2795 1235 2860; x_wconf 91' lang='lat' dir='ltr'>delec-</span> 
     </span>
     <span class='ocr_line' id='line_1_24' title="bbox 181 2898 1231 2981; baseline 0.001 -18"><span class='ocrx_word' id='word_1_167' title='bbox 181 2910 270 2963; x_wconf 89' lang='lat' dir='ltr'>tatus</span> <span class='ocrx_word' id='word_1_168' title='bbox 289 2910 386 2974; x_wconf 91' lang='lat' dir='ltr'>esset,</span> <span class='ocrx_word' id='word_1_169' title='bbox 404 2920 504 2963; x_wconf 90' lang='lat' dir='ltr'>unam</span> <span class='ocrx_word' id='word_1_170' title='bbox 524 2919 542 2961; x_wconf 87' lang='lat' dir='ltr'>e</span> <span class='ocrx_word' id='word_1_171' title='bbox 561 2898 666 2960; x_wconf 93' lang='lat' dir='ltr'>tribus</span> <span class='ocrx_word' id='word_1_172' title='bbox 691 2898 801 2961; x_wconf 89' lang='lat' dir='ltr'>Parcis</span> <span class='ocrx_word' id='word_1_173' title='bbox 825 2898 953 2961; x_wconf 90' lang='lat' dir='ltr'>seducit</span> <span class='ocrx_word' id='word_1_174' title='bbox 976 2909 1009 2961; x_wconf 88' lang='lat' dir='ltr'>et</span> <span class='ocrx_word' id='word_1_175' title='bbox 1033 2899 1096 2962; x_wconf 91' lang='lat' dir='ltr'>ait:</span> <span class='ocrx_word' id='word_1_176' title='bbox 1122 2901 1231 2981; x_wconf 87' lang='lat' dir='ltr'>‘quid,</span> 
     </span>
     <span class='ocr_line' id='line_1_25' title="bbox 182 3001 1232 3085; baseline 0.002 -20"><span class='ocrx_word' id='word_1_177' title='bbox 182 3005 307 3067; x_wconf 85' lang='lat' dir='ltr'>femina</span> <span class='ocrx_word' id='word_1_178' title='bbox 322 3002 559 3077; x_wconf 89' lang='lat' dir='ltr'>crudelissima,</span> <span class='ocrx_word' id='word_1_179' title='bbox 573 3002 743 3064; x_wconf 87' lang='lat' dir='ltr'>hominem</span> <span class='ocrx_word' id='word_1_180' title='bbox 756 3001 912 3064; x_wconf 87' lang='lat' dir='ltr'>miserum</span> <span class='ocrx_word' id='word_1_181' title='bbox 925 3003 1071 3084; x_wconf 93' lang='lat' dir='ltr'>torqueri</span> <span class='ocrx_word' id='word_1_182' title='bbox 1084 3005 1232 3085; x_wconf 88' lang='lat' dir='ltr'>pateris?</span> 
     </span>
    </p>

    <p class='ocr_par' dir='ltr' id='par_1_9' title="bbox 129 3105 1233 3597">
     <span class='ocr_line' id='line_1_26' title="bbox 129 3105 1233 3190; baseline 0 -19"><span class='ocrx_word' id='word_1_183' title='bbox 129 3139 158 3186; x_wconf 84' lang='lat'>25</span> <span class='ocrx_word' id='word_1_184' title='bbox 181 3128 243 3170; x_wconf 91' lang='lat' dir='ltr'>nec</span> <span class='ocrx_word' id='word_1_185' title='bbox 259 3128 406 3190; x_wconf 92' lang='lat' dir='ltr'>unquam</span> <span class='ocrx_word' id='word_1_186' title='bbox 422 3117 491 3169; x_wconf 89' lang='lat' dir='ltr'>tam</span> <span class='ocrx_word' id='word_1_187' title='bbox 508 3106 563 3168; x_wconf 92' lang='lat' dir='ltr'>diu</span> <span class='ocrx_word' id='word_1_188' title='bbox 580 3105 745 3168; x_wconf 90' lang='lat' dir='ltr'>cruciatus</span> <span class='ocrx_word' id='word_1_189' title='bbox 767 3106 897 3168; x_wconf 91' lang='lat' dir='ltr'>cesset?</span> <span class='ocrx_word' id='word_1_190' title='bbox 942 3127 1050 3169; x_wconf 93' lang='lat' dir='ltr'>annus</span> <span class='ocrx_word' id='word_1_191' title='bbox 1068 3109 1233 3188; x_wconf 88' lang='lat' dir='ltr'>sexagesi-</span> 
     </span>
     <span class='ocr_line' id='line_1_27' title="bbox 181 3209 1231 3294; baseline 0.002 -21"><span class='ocrx_word' id='word_1_192' title='bbox 181 3233 255 3275; x_wconf 92' lang='lat' dir='ltr'>mus</span> <span class='ocrx_word' id='word_1_193' title='bbox 271 3221 408 3294; x_wconf 86' lang='lat' dir='ltr'>quartus</span> <span class='ocrx_word' id='word_1_194' title='bbox 425 3220 484 3286; x_wconf 91' lang='lat' dir='ltr'>est,</span> <span class='ocrx_word' id='word_1_195' title='bbox 502 3230 542 3272; x_wconf 88' lang='lat' dir='ltr'>cx</span> <span class='ocrx_word' id='word_1_196' title='bbox 557 3231 623 3292; x_wconf 94' lang='lat' dir='ltr'>quo</span> <span class='ocrx_word' id='word_1_197' title='bbox 640 3230 715 3272; x_wconf 92' lang='lat' dir='ltr'>cum</span> <span class='ocrx_word' id='word_1_198' title='bbox 733 3209 843 3272; x_wconf 93' lang='lat' dir='ltr'>anima</span> <span class='ocrx_word' id='word_1_199' title='bbox 859 3211 1009 3273; x_wconf 89' lang='lat' dir='ltr'>luctatur.</span> <span class='ocrx_word' id='word_1_200' title='bbox 1057 3211 1136 3292; x_wconf 95' lang='lat' dir='ltr'>quid</span> <span class='ocrx_word' id='word_1_201' title='bbox 1154 3212 1231 3276; x_wconf 92' lang='lat' dir='ltr'>huic</span> 
     </span>
     <span class='ocr_line' id='line_1_28' title="bbox 182 3313 1233 3397; baseline 0.001 -19"><span class='ocrx_word' id='word_1_202' title='bbox 182 3325 215 3379; x_wconf 87' lang='lat' dir='ltr'>et</span> <span class='ocrx_word' id='word_1_203' title='bbox 230 3316 277 3378; x_wconf 94' lang='lat' dir='ltr'>rei</span> <span class='ocrx_word' id='word_1_204' title='bbox 294 3315 445 3397; x_wconf 90' lang='lat' dir='ltr'>publicae</span> <span class='ocrx_word' id='word_1_205' title='bbox 461 3313 613 3376; x_wconf 91' lang='lat' dir='ltr'>inuides?</span> <span class='ocrx_word' id='word_1_206' title='bbox 651 3323 765 3395; x_wconf 88' lang='lat' dir='ltr'>patere</span> <span class='ocrx_word' id='word_1_207' title='bbox 782 3314 1035 3377; x_wconf 90' lang='lat' dir='ltr'>mathematicos</span> <span class='ocrx_word' id='word_1_208' title='bbox 1052 3315 1233 3396; x_wconf 87' lang='lat' dir='ltr'>aliquando</span> 
     </span>
     <span class='ocr_line' id='line_1_29' title="bbox 181 3418 1230 3500; baseline 0.001 -18"><span class='ocrx_word' id='word_1_209' title='bbox 181 3440 298 3486; x_wconf 91' lang='lat' dir='ltr'>uerum</span> <span class='ocrx_word' id='word_1_210' title='bbox 325 3419 444 3494; x_wconf 91' lang='lat' dir='ltr'>dicere,</span> <span class='ocrx_word' id='word_1_211' title='bbox 473 3418 530 3500; x_wconf 95' lang='lat' dir='ltr'>qui</span> <span class='ocrx_word' id='word_1_212' title='bbox 556 3418 657 3493; x_wconf 90' lang='lat' dir='ltr'>illum,</span> <span class='ocrx_word' id='word_1_213' title='bbox 684 3437 725 3480; x_wconf 92' lang='lat' dir='ltr'>ex</span> <span class='ocrx_word' id='word_1_214' title='bbox 750 3439 816 3499; x_wconf 92' lang='lat' dir='ltr'>quo</span> <span class='ocrx_word' id='word_1_215' title='bbox 844 3418 1000 3499; x_wconf 84' lang='lat' dir='ltr'>princeps</span> <span class='ocrx_word' id='word_1_216' title='bbox 1027 3420 1138 3482; x_wconf 86' lang='lat' dir='ltr'>factus</span> <span class='ocrx_word' id='word_1_217' title='bbox 1169 3430 1230 3496; x_wconf 88' lang='lat' dir='ltr'>est,</span> 
     </span>
     <span class='ocr_line' id='line_1_30' title="bbox 182 3521 1232 3597; baseline 0 -10"><span class='ocrx_word' id='word_1_218' title='bbox 182 3523 335 3587; x_wconf 92' lang='lat' dir='ltr'>omnibus</span> <span class='ocrx_word' id='word_1_219' title='bbox 358 3522 463 3597; x_wconf 91' lang='lat' dir='ltr'>annis,</span> <span class='ocrx_word' id='word_1_220' title='bbox 488 3521 642 3584; x_wconf 94' lang='lat' dir='ltr'>omnibus</span> <span class='ocrx_word' id='word_1_221' title='bbox 665 3521 836 3584; x_wconf 91' lang='lat' dir='ltr'>mensibus</span> <span class='ocrx_word' id='word_1_222' title='bbox 860 3522 1013 3585; x_wconf 86' lang='lat' dir='ltr'>efferunt.</span> <span class='ocrx_word' id='word_1_223' title='bbox 1062 3533 1232 3587; x_wconf 88' lang='lat' dir='ltr'>ettamen</span> 
     </span>
    </p>

    <p class='ocr_par' dir='ltr' id='par_1_10' title="bbox 128 3623 1230 3706">
     <span class='ocr_line' id='line_1_31' title="bbox 128 3623 1230 3706; baseline 0 -15"><span class='ocrx_word' id='word_1_224' title='bbox 128 3659 159 3706; x_wconf 72' lang='lat'>30</span> <span class='ocrx_word' id='word_1_225' title='bbox 182 3623 249 3691; x_wconf 90' lang='lat' dir='ltr'>non</span> <span class='ocrx_word' id='word_1_226' title='bbox 277 3635 322 3688; x_wconf 70' lang='lat' dir='ltr'>e&#39;</span> <span class='ocrx_word' id='word_1_227' title='bbox 390 3625 397 3632; x_wconf 77' lang='grc'><strong>’</strong></span> <span class='ocrx_word' id='word_1_228' title='bbox 458 3625 528 3688; x_wconf 77' lang='lat' dir='ltr'>nsi</span> <span class='ocrx_word' id='word_1_229' title='bbox 554 3635 666 3688; x_wconf 89' lang='lat' dir='ltr'>errant</span> <span class='ocrx_word' id='word_1_230' title='bbox 690 3634 724 3688; x_wconf 91' lang='lat' dir='ltr'>et</span> <span class='ocrx_word' id='word_1_231' title='bbox 748 3626 863 3688; x_wconf 91' lang='lat' dir='ltr'>horam</span> <span class='ocrx_word' id='word_1_232' title='bbox 891 3625 962 3689; x_wconf 96' lang='lat' dir='ltr'>eius</span> <span class='ocrx_word' id='word_1_233' title='bbox 989 3647 1087 3690; x_wconf 92' lang='lat' dir='ltr'>nemo</span> <span class='ocrx_word' id='word_1_234' title='bbox 1118 3628 1230 3705; x_wconf 87' lang='lat' dir='ltr'>nouit;</span> 
     </span>
    </p>
   </div>
   <div class='ocr_carea' id='block_1_7' title="bbox 0 0 1346 4094">
    <p class='ocr_par' dir='ltr' id='par_1_11' title="bbox 0 0 1346 4094">
     <span class='ocr_line' id='line_1_32' title="bbox 0 0 1346 4094; baseline 0 0"><span class='ocrx_word' id='word_1_235' title='bbox 0 0 1346 4094; x_wconf 95' lang='lat' dir='ltr'> </span> 
     </span>
    </p>
   </div>
  </div>
 </body>
</html>
