2684 4094
381 236 591 285 FRAGMENTS
614 236 659 285 OF
682 236 808 286 ROMAN
832 236 956 284 SATlRE

247 395 351 457 ‘eheu
367 415 428 457 nos
445 393 592 469 miseros,
610 414 710 476 quam
726 402 815 456 totus
832 393 1009 457 homuncio
1025 394 1071 456 nil
1088 404 1146 458 est.
1164 432 1166 436 .

246 499 292 563 sic
309 498 431 560 erimus
447 497 567 571 cuncti,
585 507 762 578 postquam
780 517 840 559 nos
857 497 987 560 auferet
1004 498 1121 561 Orcus.

289 622 369 683 ergo
385 601 546 676 uiuamus,
564 601 643 663 dum
660 601 736 665 licet
753 621 826 663 esse
842 601 949 663 bene’
1086 591 1090 599 ’

132 754 136 761 ’
214 759 267 820 35.
293 740 518 803 laudationem
543 739 708 802 ferculum
733 749 784 802 est
809 739 996 802 insecutum
1024 741 1122 821 plane
1150 761 1218 803 non

132 876 145 922 5
171 866 230 927 pro
254 843 483 927 expectatione
500 863 678 924 magnum3
703 843 834 906 nouitas
850 853 962 905 tamen
979 844 1125 906 omnium
1144 865 1219 907 con-

171 949 268 1011 uertit
294 947 415 1011 oculos
463 947 640 1010 rotundum
669 947 758 1009 enim
785 947 1013 1028 repositorium
1043 947 1218 1011 duodecim

170 1052 315 1114 habebat
342 1051 438 1132 signa
462 1051 495 1113 in
519 1051 598 1113 orbe
626 1050 795 1132 disposita,
821 1071 923 1132 super
939 1071 1024 1133 quae
1048 1051 1219 1133 proprium

171 1155 491 1237 conuenientemque
515 1154 673 1217 materiae
697 1164 841 1217 structor
863 1154 1068 1236 imposuerat
1090 1155 1218 1218 cibum:

171 1279 271 1341 super
297 1259 434 1322 arietem
462 1258 549 1321 cicer
575 1257 760 1333 arietinum,
789 1278 890 1340 super
916 1268 1048 1320 taurum
1072 1259 1219 1322 bubulae

119 1393 147 1425 10
171 1364 323 1439 frustum,
341 1381 442 1446 super
457 1361 607 1442 geminos
631 1361 802 1425 testiculos
825 1382 864 1424 ac
887 1362 1005 1438 rienes,
1024 1383 1124 1444 super
1144 1383 1220 1425 can-

170 1488 263 1530 crum
290 1487 456 1541 coronam,
482 1486 583 1547 super
606 1465 736 1528 leonem
762 1466 861 1528 ficum
885 1466 1093 1542 Africanam,
1118 1487 1220 1548 super

165 1553 334 1652 'uirginem
360 1569 581 1645 steriliculam,
608 1589 709 1651 super
733 1569 851 1659 libram
879 1579 1038 1632 stateram
1066 1570 1099 1632 in
1125 1570 1219 1633 cuius

170 1677 274 1738 altera
304 1684 398 1756 parte
429 1673 575 1737 scriblita
606 1684 686 1749 erat,
719 1673 753 1735 in
784 1674 888 1735 altera
922 1674 1085 1755 placenta,
1118 1695 1220 1756 super

170 1778 379 1861 scorpionem
422 1777 617 1859 pisciculum
660 1777 832 1853 marinum,
873 1797 973 1858 super
1011 1778 1218 1858 sagittarium

120 1912 146 1959 15
170 1885 366 1965 oclopetam,
394 1901 496 1963 super
522 1881 753 1963 capricornum
781 1881 943 1945 locustam
971 1882 1142 1956 marinam,
1169 1903 1220 1944 su-

170 2008 231 2068 per
255 1986 427 2069 aquarium
452 2004 613 2060 anserem,
639 2005 739 2066 super
763 1985 872 2066 pisces
897 1985 981 2049 duos
1007 1987 1133 2049 mullos.
1185 1986 1218 2047 in

170 2090 279 2153 medio
298 2099 409 2153 autem
425 2109 564 2170 caespes
580 2109 656 2152 cum
673 2089 785 2152 herbis
802 2089 930 2152 excisus
946 2090 1062 2151 fauum
1080 2090 1219 2152 sustine-

170 2193 235 2257 bat.
283 2193 538 2258 circumferebat
564 2193 756 2279 Aegyptius
784 2213 868 2275 puer
898 2193 1029 2256 clibano
1057 2204 1219 2275 argenteo

170 2318 293 2381 panem

118 2501 148 2534 ω
170 2482 270 2555 atque
285 2472 358 2554 ipse
373 2471 473 2535 etiam
489 2470 679 2535 taeterrima
695 2491 778 2535 uoce
794 2471 835 2535 de
853 2472 1095 2553 Laserpiciario
1117 2471 1219 2541 mimo

170 2577 335 2640 canticum
348 2575 491 2639 extorsit.
533 2595 594 2639 nos
610 2585 647 2638 ut
662 2575 821 2638 tristiores
839 2576 881 2638 ad
897 2585 964 2638 tam
982 2576 1065 2638 uiles
1081 2576 1219 2638 accessi-

122 2678 125 2683 ’
171 2701 243 2743 mus
267 2680 367 2754 cibos,
395 2680 555 2742 ‘suadeo’
580 2679 687 2762 inquit
711 2679 912 2743 Trimalchio
931 2686 1125 2755 ‘cenemus;
1155 2680 1218 2744 hoc

171 2783 287 2848 estius
303 2782 426 2848 cenae'
489 2786 542 2860 36.
568 2784 650 2846 haec
667 2793 704 2846 ut
720 2783 809 2858 dixit,
824 2784 865 2845 ad
879 2784 1113 2867 symphoniam
1127 2794 1220 2865 quat-

170 2898 245 2952 tuor
255 2888 475 2970 tripudiantes
488 2897 722 2968 procurrerunt
739 2887 1009 2969 superioremque
1026 2899 1155 2969 partem
1172 2908 1220 2949 re-

119 3023 146 3069 25
171 2992 320 3074 positorii
342 2992 557 3055 abstulerunt.
604 3012 670 3073 quo
693 2992 784 3056 facto
800 2992 951 3054 uidemus
967 2992 1055 3054 inira
1075 2988 1219 3074 [scilicet

171 3097 203 3158 in
223 3097 326 3160 altero
350 3093 494 3180 ferculo]
514 3095 616 3158 altilia
632 3105 665 3158 et
681 3095 811 3158 sumina
828 3096 1043 3178 leporemque
1060 3095 1092 3157 in
1110 3095 1219 3158 medio

171 3200 281 3281 pinnis
312 3200 538 3274 subornatum,
566 3209 603 3262 ut
631 3200 779 3280 Pegasus
806 3200 980 3262 uideretur.
1029 3200 1219 3263 notauimus

171 3305 271 3366 etiam
302 3304 389 3367 circa
420 3306 560 3386 angulos
589 3304 774 3386 repositorii
804 3306 958 3389 Marsyas
986 3315 1150 3387 quattuor,
1179 3324 1220 3365 ex

171 3429 310 3490 quorum
327 3408 474 3471 utriculis
491 3429 607 3490 garum
621 3408 808 3490 piperatum
821 3409 973 3473 currebat
986 3429 1086 3490 super
1099 3408 1218 3489 pisces,

118 3545 148 3589 30
171 3513 227 3595 qui
250 3521 408 3594 tanquam
433 3513 465 3574 in
490 3513 605 3594 euripo
630 3512 799 3575 natabant.
847 3513 965 3575 damus
989 3532 1104 3575 omnes
1130 3512 1221 3592 plau-

171 3637 244 3679 sum
275 3637 294 3678 a
324 3616 450 3678 familia
481 3616 650 3698 inceptum
680 3626 714 3679 et
744 3637 797 3679 res
823 3615 1039 3679 electissimas
1072 3616 1220 3678 ridentes
