2684 4094
597 273 765 323 navemus
1175 276 1232 341 155

181 432 355 495 recordare
372 432 469 500 sortis
490 431 657 514 Pythicae,
676 450 760 512 quae
779 438 812 492 te
834 430 935 492 trucis
959 429 1085 492 bestiae
1108 429 1233 510 nuptiis

181 536 382 599 destinatam
405 556 479 599 esse
502 534 667 598 clamauit.
723 542 757 596 et
780 533 874 595 multi
897 533 1005 596 coloni
1029 533 1151 615 quique
1176 533 1233 597 cir-

181 660 355 704 cumsecus
385 648 551 703 uenantur
581 647 615 701 et
645 638 778 700 accolae
808 637 942 719 plurimi
972 637 1126 699 uiderunt
1157 658 1232 700 eum

181 765 322 827 uespera
349 744 545 806 redeuntem
573 762 591 804 e
616 750 714 823 pastu
738 740 945 823 proximique
969 741 1113 803 fluminis
1138 741 1233 804 uadis

143 878 156 922 5
181 849 395 911 innatantem.
474 849 526 911 18.
560 867 622 908 nec
650 845 706 908 diu
733 845 865 908 blandis
890 844 1118 907 alimoniarum
1142 845 1234 908 obse-

181 952 266 1033 quiis
281 963 315 1015 te
330 951 560 1033 saginaturum
574 969 690 1012 omnes
702 949 898 1011 adfirmant:
921 949 989 1024 sed,
1001 969 1076 1012 cum
1089 948 1232 1030 primum

182 1055 456 1136 praegnationem
472 1065 564 1117 tuam
577 1055 696 1135 plenus
709 1052 924 1116 maturauerit
936 1062 1059 1127 uterus
1073 1052 1232 1134 opimiore

181 1160 291 1221 fructu
312 1158 497 1240 praeditam
518 1159 763 1220 deuoraturum.
820 1156 863 1219 ad
890 1157 972 1219 haec
994 1156 1059 1218 iam
1081 1166 1138 1217 tua
1161 1166 1233 1218 esto

182 1263 395 1343 existimatio„
406 1272 516 1325 utrum
533 1260 701 1345 sororibus
717 1281 777 1342 pro
794 1269 852 1323 tua
868 1279 945 1322 cara
962 1260 1067 1322 salute
1084 1259 1231 1322 sollicitis

129 1397 158 1429 10
182 1365 339 1428 adsentiri
354 1366 447 1442 uelis,
464 1375 498 1429 et
514 1365 679 1429 declinata
697 1374 803 1428 morte
822 1363 994 1426 nobiscum
1015 1384 1131 1426 secura
1151 1363 1233 1445 peri-

182 1470 246 1533 culi
273 1470 395 1546 uiuere,
420 1490 463 1532 an
487 1469 701 1532 saeuissimae
728 1467 856 1531 bestiae
883 1467 1016 1549 sepeliri
1039 1467 1230 1530 uisceribus.

182 1575 269 1655 quod
293 1574 322 1636 si
340 1583 374 1637 te
393 1574 478 1637 ruris
497 1574 595 1635 huius
614 1572 739 1637 uocalis
758 1572 911 1646 solitud0,
929 1572 984 1634 uel
1004 1571 1232 1635 clandestinae

181 1679 312 1741 ueneris
328 1677 444 1741 faetidi
459 1677 701 1766 periculosique
717 1676 923 1751 concubitus,
941 1685 974 1738 et
994 1675 1151 1738 uenenati
1168 1695 1233 1738 ser-

181 1782 290 1862 pentis
317 1782 489 1863 amplexus
512 1781 690 1857 delectant,
715 1790 805 1844 certe
828 1780 903 1861 piae
928 1799 1059 1843 sorores
1081 1791 1232 1843 nostrum

129 1913 156 1958 15
180 1885 378 1948 fecerimus?

222 1999 302 2052 tunc
320 1989 450 2074 Psyche
466 1989 603 2064 misella,
621 1997 737 2071 utpote
757 1987 898 2069 simplex
921 2000 954 2053 et
978 1990 1080 2052 animi
1095 1991 1229 2066 tenella,

179 2093 306 2174 rapitur
324 2093 503 2156 uerborum
525 2101 595 2155 tam
619 2093 763 2156 tristium
787 2093 983 2156 formidine:
1007 2104 1100 2157 extra
1123 2094 1233 2157 termi-

179 2219 258 2259 num
282 2197 403 2260 mentis
427 2217 507 2259 suae
531 2197 648 2277 posita,
666 2217 804 2278 prorsus
826 2197 975 2260 omnium
999 2198 1107 2261 mariti
1130 2198 1232 2261 moni-

177 2301 305 2364 tionum
329 2320 530 2382 suarumque
554 2300 812 2382 promissionum
834 2301 1028 2364 memoriam
1051 2302 1180 2378 effudit,
1198 2311 1231 2365 et

125 2436 153 2466 ω
176 2405 210 2467 in
235 2405 440 2487 profundum
467 2403 664 2467 calamitatis
692 2425 766 2468 sese
793 2405 1045 2487 praecipitauit;
1072 2400 1232 2468 tremens-

176 2528 241 2590 que
264 2519 297 2571 et
320 2507 463 2589 exangui
485 2508 595 2571 colore
622 2508 729 2571 lurida
754 2509 889 2572 tertiata
915 2508 1017 2570 uerba
1041 2509 1231 2571 semihianti

176 2632 259 2675 uoce
286 2612 512 2694 substrepens
538 2611 584 2676 sic
616 2613 658 2675 ad
689 2612 762 2675 illas
792 2612 858 2675 ait:
893 2632 944 2693 19.
979 2617 1057 2675 ‘uos
1084 2613 1227 2694 quidem,

175 2717 366 2779 carissimae
382 2736 522 2792 sorores,
539 2724 576 2778 ut
598 2736 659 2797 par
677 2726 757 2792 erat,
775 2716 809 2778 in
826 2715 932 2779 officio
949 2727 1080 2779 uestrae
1097 2717 1229 2798 pietatis

175 2819 388 2901 permanetis,
406 2839 522 2882 uerum
544 2829 577 2883 et
598 2820 645 2882 illi
666 2819 722 2903 qui
743 2819 822 2883 talia
843 2819 938 2882 uobis
962 2821 1139 2882 adfirmant
1161 2841 1226 2882 non

122 2954 149 2998 23
174 2924 330 2986 uidentur
355 2922 435 2985 mihi
460 2923 671 2986 mendacium
690 2923 825 3004 fingere.
873 2943 935 2986 nec
957 2923 1045 2986 enim
1071 2944 1228 3005 umquam

174 3027 236 3089 uiri
259 3027 325 3090 mei
347 3026 416 3089 uidi
440 3026 571 3102 faciem,
597 3027 650 3088 uel
674 3026 809 3089 omnino
833 3006 950 3091 cuiatis
974 3027 1016 3090 sit
1043 3027 1136 3102 noui;
1169 3028 1227 3090 sed

173 3141 303 3194 tantum
331 3131 502 3194 nocturnis
530 3130 733 3194 subaudiens
762 3130 899 3193 uocibus
927 3131 1080 3193 maritum
1111 3131 1228 3194 incerti

172 3245 279 3298 status
301 3245 334 3298 et
353 3255 489 3317 prorsus
511 3234 694 3316 lucifugam
717 3236 832 3309 tolero,
850 3234 1060 3316 bestiamque
1083 3234 1227 3318 aliquam

171 3349 260 3404 recte
285 3339 473 3402 dicentibus
497 3338 593 3401 uobis
616 3338 733 3401 merito
757 3337 938 3401 consentio.
991 3358 1110 3419 meque
1137 3359 1227 3421 mag-

118 3472 147 3516 30
170 3463 296 3526 nopere
313 3463 446 3523 semper
462 3463 481 3504 a
497 3439 565 3504 suis
577 3451 679 3505 terret
691 3442 882 3523 aspectibus
894 3441 1085 3523 malumque
1098 3442 1227 3523 grande

169 3547 212 3610 de
228 3548 341 3611 uultus
362 3543 553 3610 curiositate
577 3544 812 3626 praeminatur.
861 3565 959 3621 nunc,
977 3545 1004 3607 si
1023 3565 1123 3627 quam
1143 3545 1227 3609 salu-

169 3659 275 3714 tarem
295 3669 393 3732 opem
413 3648 614 3730 periclitanti
635 3647 741 3713 sorori
763 3657 895 3710 uestrae
919 3648 1059 3729 potestis
1083 3648 1224 3725 adferre,
