2684 4094
136 258 196 319 126

396 267 607 317 FRAGMENTS
630 268 675 317 OF
699 267 824 317 ROMAN
848 267 974 316 SATIRE

272 434 305 486 et
317 425 423 487 laetus
436 444 524 487 nunc
538 424 664 506 plectra
677 434 796 497 mouet,
812 443 900 486 nunc
914 442 1018 505 pensa
1030 421 1217 486 ministrat.

272 527 398 591 detinet
414 528 558 590 intentas
575 537 675 590 cantu
691 528 842 609 fallitque
859 526 1013 589 laborem.

272 632 416 714 dumque
428 631 525 694 nimis
535 632 696 695 citharam
707 633 919 712 fraternaque
930 630 1078 693 carmina
1088 631 1249 709 laudant,

273 735 348 816 plus
364 735 460 798 solito
477 755 599 798 neuere
617 756 735 797 manus
752 736 963 815 humanaque
980 734 1050 796 fata

272 837 442 901 laudatum
459 839 664 901 transcendit
680 859 772 920 opus.
821 845 881 900 ‘ne
898 837 1029 913 demite,
1049 839 1201 902 Parcae’

275 942 428 1005 Phoebus
445 942 491 1004 ait
509 942 637 1004 ‘uincat
654 943 800 1004 mortalis
817 951 969 1023 tempora
985 941 1073 1003 uitae

272 1047 326 1109 ille
343 1046 423 1107 mihi
440 1046 553 1108 similis
571 1046 664 1108 uultu
682 1045 863 1127 similisque
880 1045 1000 1108 decore

272 1170 334 1212 nec
351 1160 450 1212 cantu
467 1170 528 1212 nec
545 1170 628 1212 uoce
645 1150 759 1212 minor.
808 1149 916 1212 felicia
931 1148 1027 1211 lassis

273 1254 404 1317 saecula
421 1253 603 1335 praestabit
619 1254 797 1335 legumque
815 1252 944 1315 silentia
961 1262 1101 1334 rumpet.

273 1357 378 1439 qualis
395 1356 575 1419 discutiens
593 1356 756 1437 fugientia
775 1356 911 1419 Lucifer
928 1365 1017 1419 astra

273 1471 330 1523 aut
346 1461 451 1543 qualis
468 1460 573 1541 surgit
590 1460 806 1523 redeuntibus
825 1461 1000 1542 Hesperus
1016 1460 1125 1536 astris,

273 1564 378 1646 qualis
395 1584 470 1626 cum
488 1564 629 1645 primum
645 1563 792 1626 tenebris
808 1564 942 1626 Aurora
958 1563 1074 1627 solutis

179 1735 183 1738 ,
273 1667 400 1730 induxit
416 1667 599 1730 rubicunda
614 1667 710 1742 diem,
730 1668 786 1731 Sol
802 1667 921 1749 aspicit
936 1667 1050 1730 orbem
1084 1705 1086 1709 ν

273 1771 402 1834 lucidus
418 1781 451 1833 et
467 1771 590 1852 primos
606 1793 625 1832 a
641 1791 772 1834 carcere
788 1771 933 1834 concitat
949 1791 1045 1834 axes:

211 1864 214 1869 ¹
274 1875 348 1937 talis
365 1876 488 1938 Caesar
505 1875 608 1950 adest,
626 1875 725 1937 talem
742 1875 807 1937 iam
829 1877 936 1937 Roma
953 1876 1123 1938 Neronem

273 1978 420 2060 aspiciet.
468 1979 587 2058 flagrat
604 1979 726 2041 nitidus
743 1979 874 2060 fulgore
890 1979 1028 2042 remisso

274 2083 385 2145 uultus
402 2092 435 2144 et
451 2082 570 2145 adfuso
587 2083 698 2145 ceruix
713 2084 860 2146 formosa
876 2083 1017 2165 capillo.'
1073 2075 1076 2078 ⁵

188 2218 268 2279 haec
281 2216 414 2298 Apollo.
457 2225 491 2279 at
509 2217 677 2292 Lachesis,
691 2237 776 2299 quae
792 2227 825 2280 et
841 2217 913 2299 ipsa
929 2217 1055 2280 homini
1070 2218 1246 2284 formosis-

188 2321 270 2384 simo
287 2322 423 2397 faueret,
441 2321 521 2384 fecit
541 2317 656 2407 [illud]
677 2323 777 2403 plena
792 2343 902 2396 manu,
920 2332 954 2385 et
971 2322 1098 2385 Neroni
1115 2323 1244 2388 multos

136 2460 165 2491 ω
188 2445 293 2487 annos
309 2424 350 2487 de
366 2445 425 2487 suo
442 2425 552 2488 donat.
600 2426 775 2489 Claudium
792 2436 902 2489 autem
918 2425 1034 2489 iubent
1050 2446 1168 2489 omnes

274 2559 456 2646 χαίροντας,
475 2561 693 2644 εὐφημοῦντας
709 2559 886 2641 ἐκπέμπειν
902 2557 1014 2639 δόμων.

188 2713 221 2766 et
244 2704 298 2766 ille
322 2704 454 2786 quidem
478 2705 623 2767 animam
650 2705 784 2780 ebulliit,
810 2714 843 2768 et
869 2725 909 2767 ex
933 2719 975 2767 'eo
1002 2703 1098 2767 desiit
1125 2703 1243 2769 uiuere

188 2807 301 2870 uideri.
348 2808 509 2890 expirauit
532 2819 642 2872 autem
667 2809 745 2871 dum
770 2808 948 2871 comoedos
972 2808 1071 2883 audit,
1092 2817 1128 2869 ut
1152 2809 1242 2872 scias

189 2931 241 2974 me
264 2932 331 2974 non
356 2912 426 2974 sine
450 2933 550 2975 causa
573 2913 645 2974 illos
668 2914 791 2975 timere.
888 2935 904 2970 s
1004 2935 1021 2970 s
1120 2934 1137 2969 s

137 3044 164 3090 25
232 3032 264 3095 5.
291 3035 375 3097 quae
402 3015 435 3077 in
461 3017 555 3078 terris
580 3027 696 3097 postea
719 3017 785 3079 sint
809 3025 892 3091 acta,
918 3035 1163 3098 superuacuum
1187 3026 1242 3080 est

189 3120 321 3182 referre.
370 3119 459 3182 scitis
476 3119 563 3182 enim
581 3120 713 3200 optime,
731 3140 792 3182 nec
813 3120 995 3201 periculum
1016 3129 1066 3182 est
1089 3139 1131 3181 ne
1156 3120 1242 3183 exci-

189 3223 270 3285 dant
300 3223 477 3285 memoriae
509 3243 592 3305 quae
623 3224 781 3304 gaudium
814 3223 982 3304 publicum
1014 3223 1240 3304 impresserit:

189 3347 286 3389 nemo
310 3326 477 3388 felicitatis
504 3347 583 3389 suae
611 3327 822 3390 obliuiscitur.
870 3328 903 3389 in
930 3327 1022 3389 caelo
1050 3347 1135 3408 quae
1163 3337 1241 3390 acta

190 3431 263 3505 sint,
282 3430 411 3492 audite:
435 3430 517 3492 fides
537 3451 641 3511 penes
663 3440 831 3492 auctorem
851 3430 920 3492 erit.
967 3430 1139 3492 nuntiatur
1165 3431 1241 3493 Ioui

136 3565 166 3609 30
189 3533 320 3596 uenisse
345 3534 509 3614 quendam
534 3533 641 3596 bonae
664 3543 820 3608 staturae,
844 3533 930 3595 bene
953 3554 1093 3609 canum;
1124 3533 1240 3597 nescio

183 3638 267 3719 quid
286 3637 378 3699 illum
398 3637 523 3712 minari,
546 3637 678 3700 assidue
702 3636 788 3700 enim
813 3647 915 3718 caput
937 3658 1092 3713 mouere;
1117 3637 1240 3718 pedem
