2724 4102
159 266 218 328 128
418 275 629 325 rxxouaucs
652 276 696 325 or
719 276 846 325 nonan
869 276 995 324 sauma

207 430 330 513 recipio
348 432 529 512 Luguduni
548 441 672 508 natum,
689 432 746 494 ubi
771 432 906 494 Licinus
930 432 1042 494 multis
1066 433 1161 495 annis
1184 453 1255 514 reg-

206 535 307 598 nauit.
354 544 391 597 tu
418 545 538 611 autem,
567 535 622 617 qui
650 536 746 617 plura
772 536 845 598 loca
872 535 1006 598 calcasti
1036 557 1135 618 quam
1167 537 1254 599 ullus

98 655 100 659 ·
206 639 307 702 mulio
328 639 569 721 perpetuarius,
591 636 897 724 [Lugudunenses]
918 639 1002 702 scire
1026 640 1127 703 debes
1151 641 1255 703 multa

205 742 295 806 milia
320 743 407 806 inter
431 743 605 806 Xanthum
629 753 662 806 et
687 743 887 806 Rhodanum
911 743 1092 806 interesse!
1139 764 1255 806 excan-

167 867 180 914 s
205 847 310 910 descit
327 848 477 912 hocloco
495 847 654 912 Claudius
670 857 703 910 et
718 856 843 929 quanto
860 857 970 928 potest
991 868 1158 910 murmure
1177 848 1255 911 iras

205 951 297 1014 citur.
337 951 416 1033 quid
432 951 566 1027 diceret,
580 971 678 1014 nemo
690 950 914 1032 intellegebat,
928 951 981 1014 ille
994 961 1104 1014 autem
1120 951 1253 1014 Febrim

205 1055 281 1117 duci
296 1055 438 1118 iubebat.
488 1054 543 1117 illo
559 1064 656 1135 gestu
673 1055 799 1117 solutae
816 1075 934 1117 manus
950 1064 984 1117 et
1002 1055 1045 1117 ad
1064 1055 1126 1117 hoc
1150 1075 1252 1117 unum

205 1159 284 1221 satis
301 1160 425 1235 firmae,
442 1179 508 1241 quo
530 1159 693 1221 decollare
714 1158 866 1221 homines
890 1158 1027 1234 solebat,
1044 1158 1185 1221 iusserat
1207 1159 1254 1221 illi

204 1263 326 1325 collum
351 1263 506 1344 praecidi.
565 1271 700 1344 putares
731 1281 848 1325 omnes
877 1261 964 1324 illius
994 1282 1068 1325 esse
1099 1259 1252 1326 libertos:

153 1389 180 1422 10
204 1367 288 1430 adeo
304 1366 396 1429 illum
413 1386 511 1430 nemo
527 1366 672 1430 curabat.
742 1382 773 1444 7.
798 1375 869 1428 tum
887 1366 1051 1429 Hercules
1069 1366 1164 1429 ‘audi
1180 1368 1251 1429 me'

204 1470 311 1552 inquit
328 1476 380 1532 ‘tu
398 1470 512 1534 desine
528 1469 659 1534 fatuari.
699 1469 819 1533 uenisti
835 1470 909 1545 huc,
927 1468 1110 1533 ubi'mures
1126 1470 1252 1532 ferrum

204 1574 333 1637 rodunt.
389 1574 485 1639 citius
509 1573 589 1636 mihi
612 1593 737 1649 uerum,
762 1594 804 1636 ne
827 1573 888 1636 tibi
913 1573 1039 1654 alogias
1066 1573 1251 1636 excutiam'

204 1687 237 1741 et
254 1699 319 1760 quo
335 1678 510 1742 terribilior
526 1687 623 1754 esset,
641 1677 788 1758 tragicus
804 1678 839 1740 fit
856 1687 889 1740 et
905 1677 968 1740 ait:

336 1838 510 1914 ‘exprome
527 1852 679 1914 propere,
697 1833 776 1895 sede
792 1853 859 1914 qua
874 1832 1007 1913 genitus
1024 1833 1125 1908 cluas,

334 1937 396 2000 hoc
413 1956 455 1999 ne
472 1946 665 2018 peremptus
682 1936 793 2017 stipite
810 1936 852 1998 ad
867 1946 989 1998 terram
1006 1937 1155 2013 accidas;

334 2042 416 2104 haec
433 2041 528 2103 claua
543 2060 641 2121 reges
657 2060 758 2122 saepe
775 2039 932 2103 mactauit
947 2040 1046 2103 feros.

334 2145 413 2227 quid
429 2165 518 2207 nunc
534 2144 668 2225 profatu
684 2143 775 2206 uocis
791 2144 917 2207 incerto
934 2145 1055 2207 sonas?

333 2269 418 2331 quae
436 2248 552 2330 patria,
569 2267 655 2330 quae
671 2267 755 2328 gens
771 2247 892 2311 mobile
908 2248 1020 2311 eduxit
1036 2247 1159 2329 caput?

333 2352 487 2415 edissere.
535 2351 688 2433 equidem
705 2371 809 2432 regna
825 2351 1000 2432 tergemini
1016 2361 1135 2432 petens

333 2456 515 2538 longinqua
530 2455 628 2537 regis,
646 2456 733 2518 unde
750 2455 791 2518 ab
810 2455 975 2537 Hesperio
992 2456 1075 2519 mari

334 2560 506 2623 Inachiam
523 2560 564 2622 ad
580 2558 697 2621 urbem
714 2559 823 2622 nobile
840 2559 958 2622 aduexi
974 2579 1086 2641 pecus,

333 2664 401 2726 uidi
417 2663 547 2726 duobus
564 2662 741 2726 imminens
757 2663 866 2726 fluuiis
882 2663 1005 2745 iugum,

333 2768 421 2850 quod
440 2767 592 2830 Phoebus
608 2776 681 2829 ortu
698 2787 830 2848 semper
846 2766 987 2830 obuerso
1004 2767 1103 2843 uidet,

332 2871 388 2933 ubi
406 2870 590 2934 Rhodanus
607 2870 725 2951 ingens
741 2891 839 2934 amne
856 2870 1054 2952 praerapido
1071 2869 1151 2946 fluit,

332 2975 486 3057 Ararque
502 2973 666 3050 dubitans,
683 2995 749 3056 quo
766 2995 843 3037 suos
859 2995 975 3037 cursus
991 2983 1078 3055 agat,

331 3079 452 3141 tacitus
467 3077 587 3159 quietis
602 3077 706 3141 adluit
721 3078 810 3159 ripas
826 3078 929 3141 uadis.

332 3192 426 3245 estne
442 3181 497 3244 illa
514 3182 613 3245 tellus
630 3181 764 3263 spiritus
781 3182 876 3245 altrix
891 3182 939 3245 tui
950 3182 980 3245 ?'

202 3341 284 3403 haec
300 3337 380 3401 satis
396 3338 544 3401 animose
561 3347 594 3400 et
613 3337 751 3412 fortiter,
769 3337 872 3401 nihilo
893 3338 1002 3401 minus
1027 3338 1147 3403 mentis
1170 3358 1250 3402 suae

201 3464 267 3506 non
284 3451 335 3505 est
351 3451 384 3505 et
399 3441 494 3505 timet
509 3440 616 3523 μωροῦ
631 3437 773 3519 πληγήν.
820 3442 979 3505 Claudius
996 3452 1032 3504 ut
1048 3442 1130 3505 uidit
1142 3442 1250 3505 uirum

148 3581 177 3625 30
201 3547 378 3620 ualentem,
403 3545 524 3607 oblitus
549 3564 712 3625 nugarum
740 3545 900 3607 intellexit
928 3546 1094 3608 neminem
1122 3547 1249 3609 Romae

201 3648 263 3713 sibi
280 3668 394 3730 parem
410 3648 522 3720 fuisse,
540 3648 605 3710 illic
622 3669 688 3711 non
709 3647 832 3711 habere
852 3668 888 3711 se
907 3648 994 3711 idem
1014 3649 1159 3729 gratiae:
1182 3650 1250 3730 gal·
