2684 4094
589 261 760 311 APVLEIVS
1166 249 1222 313 161

174 416 328 480 farreatis
352 417 477 499 nuptiis
502 416 709 500 coniugabo.’
758 428 791 481 et
816 417 926 481 statim
952 419 1110 503 Zephyro
1135 437 1227 499 prae·

174 521 254 602 cipit
269 521 356 584 ultra
370 521 531 585 terminos
546 542 600 584 me
616 521 735 585 domus
751 522 822 585 eius
838 522 985 585 efflaret!

217 641 270 703 27.
296 625 440 689 necdum
456 645 645 689 sermonem
663 626 792 710 Psyche
808 625 946 702 finierat,
959 632 994 687 ot
1009 625 1065 687 illa
1080 645 1226 689 uesanae

174 728 318 793 libidinis
333 740 368 792 et
383 729 528 792 inuidiae
544 729 661 792 noxiae
677 729 818 792 stimulis
834 729 967 812 agitata,
985 729 1080 792 uafre
1096 729 1227 792 concin-

135 861 149 907 5
173 842 253 896 nato
266 833 440 897 mendacio
456 833 578 896 fallens
595 833 749 896 maritum
766 833 860 917 quasi
873 834 915 897 de
930 842 1037 896 morte
1049 842 1226 914 parentum

173 936 297 1020 aliquid
313 937 528 1019 conperisset,
546 937 658 1000 statim
674 958 795 1000 nauem
814 937 972 1002 ascendit.
1020 947 1054 1000 et
1072 938 1115 1000 ad
1133 937 1226 1000 illum

174 1041 348 1125 scopulum
365 1040 517 1123 protinus
534 1041 652 1122 pergit,
670 1051 712 1117 et,
730 1041 883 1124 quamuis
903 1042 968 1105 alio
989 1051 1091 1105 uento
1114 1042 1225 1118 flante,

174 1164 273 1208 caeca
294 1165 355 1227 spe
374 1155 489 1208 tamen
509 1145 652 1221 inhians,
672 1145 804 1227 ‘accipe
826 1145 899 1222 me,'
920 1145 1043 1221 dicens,
1066 1145 1224 1227 ‘Cupido

174 1249 309 1330 dignam
330 1258 364 1312 te
383 1249 569 1331 coniugem,
586 1259 621 1313 et
639 1259 685 1325 tu,
703 1250 868 1335 Zephyre,
886 1249 1019 1331 suscipe
1036 1250 1225 1324 dominam,’

123 1375 150 1406 10
174 1352 260 1416 saltu
291 1373 327 1417 se
358 1353 501 1416 maximo
531 1353 747 1435 praecipitem
780 1354 879 1418 dedit.
940 1374 1002 1417 nec
1036 1364 1149 1416 tamen
1184 1354 1227 1416 ad

173 1456 265 1519 illum
283 1456 402 1533 locum,
419 1456 474 1520 uel
493 1457 611 1520 saltem
631 1467 769 1533 mortua,
791 1458 966 1540 peruenire
985 1458 1101 1539 potuit.
1148 1477 1226 1520 nam

174 1580 235 1642 per
257 1580 337 1624 saxa
359 1560 505 1624 cautium
530 1561 687 1624 membris
710 1561 840 1625 iactatis
864 1571 964 1644 atque
987 1561 1164 1642 dissipatis,
1183 1570 1225 1638 et,

174 1664 314 1746 proinde
336 1673 373 1727 ut
396 1665 594 1741 merebatur,
614 1665 767 1728 laceratis
790 1664 973 1728 uisceribus
997 1664 1073 1740 suis,
1095 1664 1227 1729 alitibus

173 1768 354 1852 bestiisque
381 1768 516 1832 obuium
544 1769 657 1832 ferens
685 1769 854 1851 pabulum,
880 1769 1011 1832 interiit.
1066 1789 1128 1832 nec
1159 1769 1228 1832 uin-

122 1902 149 1949 15
174 1872 283 1935 dictae
309 1872 479 1955 sequentis
506 1893 616 1956 poena
642 1872 795 1935 tardauit.
851 1893 930 1936 nam
957 1874 1087 1959 Psyche
1114 1894 1228 1937 rursus

174 1975 361 2039 errabundo
387 1977 494 2057 gradu
521 1976 674 2058 peruenit
701 1976 743 2038 ad
770 1975 939 2039 ciuitatem
967 1977 1074 2052 aliam,
1099 1976 1133 2039 in
1161 1998 1227 2061 qua

175 2079 247 2162 pari
273 2080 372 2143 modo
399 2100 492 2143 soror
517 2080 709 2144 morabatur
736 2079 808 2143 alia.
862 2101 925 2144 nec
956 2081 1059 2144 setius
1090 2091 1123 2144 et
1154 2081 1227 2162 ipsa

174 2183 306 2246 fallacie
336 2183 566 2265 germanitatis
596 2184 733 2248 inducta
763 2194 797 2247 et
826 2183 860 2246 in
891 2183 1013 2248 sororis
1049 2184 1227 2247 sceleratas

173 2287 309 2370 nuptias
338 2287 471 2350 aemula
499 2287 673 2351 festinauit
703 2288 746 2352 ad
776 2287 961 2371 scopulum,
989 2288 1091 2370 inque
1121 2287 1227 2350 simile

118 2423 150 2455 ω
174 2391 289 2454 mortis
311 2391 446 2455 exitium
470 2391 597 2456 cecidit.

177 2488 181 2494 ⁴
218 2497 272 2560 28.
297 2494 428 2558 interim
444 2496 523 2558 dum
542 2497 672 2581 Psyche
690 2495 890 2579 quaesitioni
905 2495 1080 2578 Cupidinis
1098 2494 1227 2558 intenta

175 2598 317 2681 populos
340 2598 543 2675 circumibat,
568 2610 602 2663 at
628 2599 684 2662 ille
711 2600 849 2663 uulnere
872 2600 1028 2663 lucernae
1052 2599 1169 2663 dolens
1192 2599 1227 2661 in

174 2702 247 2785 ipso
267 2704 416 2766 thalamo
437 2703 551 2766 matris
574 2703 688 2766 iacens
710 2702 912 2785 ingemebat.
958 2712 1038 2766 tunc
1061 2703 1133 2766 auis
1157 2723 1228 2784 per-

174 2805 250 2870 alba
266 2807 322 2870 illa
338 2806 446 2889 gauia,
463 2827 549 2890 quae
568 2827 671 2889 super
686 2807 807 2870 fluctus
826 2807 971 2870 marinos
990 2806 1102 2889 pinnis
1123 2816 1225 2881 natat,

122 2941 150 2989 ις
174 2910 339 2993 demergit
358 2930 432 2974 sese
451 2931 594 2992 propere
614 2912 656 2974 ad
676 2911 805 2975 Oceani
826 2912 1031 2992 profundum
1052 2910 1224 2991 gremium.

174 3013 220 3077 ibi
235 3013 446 3078 commodum
458 3016 626 3078 Venerem
643 3016 811 3078 lauantem
831 3023 1070 3097 natantemque
1090 3024 1228 3096 propter

172 3117 344 3195 assistens,
376 3117 501 3181 indicat
531 3119 686 3182 adustum
718 3117 820 3181 filium
852 3117 923 3181 eius
954 3118 1050 3200 graui
1079 3118 1227 3180 uulneris

170 3221 289 3286 dolore
315 3231 530 3298 maerentem,
558 3221 695 3285 dubium
724 3221 838 3285 salutis
864 3221 981 3298 iacere,
1007 3221 1140 3304 iamque
1167 3242 1227 3304 per

175 3337 369 3390 cunctorum
385 3347 444 3390 ora
460 3327 659 3408 populorum
678 3325 864 3389 rumoribus
883 3326 1108 3408 conuiciisque
1128 3325 1228 3387 uariis

122 3461 154 3506 30
175 3450 308 3494 omnem
320 3430 463 3494 Veneris
479 3430 640 3493 familiam
657 3430 743 3493 male
759 3430 883 3505 audire,
899 3429 1006 3512 ‘quod
1022 3429 1077 3492 ille
1093 3428 1227 3511 quidem

175 3543 335 3598 montano
352 3544 507 3611 scortatu,
524 3545 561 3597 tu
577 3555 656 3598 uero
676 3533 805 3597 marino
824 3544 940 3596 natatu
960 3532 1171 3608 secesseritis,
1189 3553 1228 3595 ac

147 3704 150 3706 ,
175 3638 322 3722 perxhoc
345 3657 412 3702 non
436 3638 592 3720 uoluptas
615 3637 690 3714 ulla,
716 3658 784 3701 non
807 3636 924 3719 gratia,
949 3657 1016 3700 non
1041 3636 1144 3718 lepos,
1169 3636 1228 3699 sed

255 3751 332 3789 FRAG.
345 3751 399 3790 SAT.
405 3767 438 3778 -
447 3752 474 3788 11
