2684 4094
587 269 758 318 APVLEIVS
1166 272 1224 339 175

172 427 263 503 uiuit,
284 447 346 490 nec
368 425 504 490 Charon
524 425 579 489 ille
600 435 634 489 et
656 425 745 489 Ditis
766 436 871 510 pater,
890 436 1004 490 tantus
1027 426 1120 501 deus,
1139 426 1226 508 quic-

173 552 272 613 quam
290 530 436 613 gratuito
454 529 545 606 iacit,
563 540 614 594 set
632 529 777 593 moriens
797 551 926 614 pauper
944 530 1102 594 uiaticum
1126 530 1226 594 debet

172 654 341 718 quaerere,
366 643 400 698 et
424 654 482 698 aes
507 633 535 697 si
560 635 647 698 forte
670 654 751 718 prae
774 655 876 697 manu
899 654 967 698 non
991 635 1101 712 fuerit,
1126 658 1224 701 nemo

172 758 248 802 eum
269 738 421 821 expirare
444 737 596 821 patietur.
645 737 721 801 huic
745 738 897 820 squalido
921 738 993 802 seni
1016 741 1111 805 dabis
1135 744 1226 806 nauli

133 842 306 922 5nomine
332 842 374 905 de
401 841 542 925 stipibus
569 862 653 924 quas
680 843 769 905 feres
795 843 944 919 alteram,
973 844 1020 909 sic
1047 857 1161 911 tamen
1189 858 1226 910 ut

172 946 244 1029 ipse
269 966 329 1009 sua
352 966 453 1008 manu
476 946 519 1009 de
541 955 599 1009 tuo
622 955 732 1009 sumat
758 966 823 1010 ore.
880 967 942 1011 nec
966 951 1069 1013 setius
1094 951 1153 1014 tibi
1180 952 1226 1034 pi-

128 1062 130 1066 “
173 1070 269 1132 grum
291 1051 453 1114 fluentum
478 1050 697 1114 transmeanti
719 1052 855 1135 quidam
879 1064 1101 1136 supernatans
1125 1076 1226 1118 senex

173 1163 322 1218 mortuus
349 1154 456 1238 putris
482 1154 648 1218 adtollens
675 1176 795 1219 manus
826 1158 935 1221 orabit
965 1168 1002 1221 ut
1032 1179 1107 1223 eum
1139 1159 1226 1222 intra

173 1259 343 1342 nauigium
361 1260 486 1323 trahas.
533 1280 595 1324 nec
613 1269 650 1323 tu
671 1271 786 1324 tamen
810 1262 936 1326 inlicita
958 1262 1137 1328 adflectare
1161 1263 1226 1345 pie-

121 1394 150 1429 ιο
172 1372 249 1428 tate.
336 1383 387 1444 19.
426 1363 568 1427 transito
601 1364 703 1428 fluuio
738 1366 905 1429 modicum
941 1377 976 1429 te
1014 1387 1225 1450 progressam

173 1466 327 1531 textrices
343 1468 485 1531 orabunt
501 1487 585 1530 anus
603 1469 704 1531 telam
727 1478 894 1533 struentes
916 1490 1035 1533 manus
1056 1470 1227 1552 paulisper

173 1571 423 1635 accommodes:
463 1591 526 1635 nec
556 1571 589 1634 id
621 1580 734 1637 tamen
765 1572 825 1636 tibi
855 1574 1050 1656 contingere
1081 1575 1134 1637 fas
1165 1583 1223 1637 est.

173 1695 251 1738 nam
274 1675 358 1738 haec
380 1675 493 1739 omnia
514 1674 575 1738 tibi
596 1685 631 1739 et
654 1676 759 1740 multa
781 1677 846 1740 alia
870 1677 911 1742 de
932 1677 1074 1742 Veneris
1099 1678 1226 1742 insidiis

173 1779 329 1857 orientur,
346 1791 383 1844 ut
398 1782 451 1843 uel
468 1800 569 1843 unam
585 1780 627 1843 de
644 1781 797 1843 manibus
816 1780 949 1844 omittas
969 1781 1117 1845 offulam.
1164 1803 1226 1847 nec

122 1914 149 1962 15
174 1894 271 1966 putes
283 1884 379 1947 futile
389 1884 477 1947 istud
489 1883 714 1965 polentacium
727 1885 887 1947 damnum
900 1885 982 1948 leue.
1023 1886 1126 1949 altera
1138 1886 1225 1950 enim

173 1987 304 2069 perdita
324 1988 379 2050 lux
399 1989 482 2052 haec
505 1988 565 2053 tibi
588 2008 724 2070 prorsus
747 1988 976 2071 denegabitur.
1023 1991 1114 2053 canis
1138 2011 1227 2053 narn-

173 2112 238 2175 que
255 2093 473 2176 praegrandis
489 2092 619 2174 teriugo
635 2102 668 2157 et
685 2093 766 2156 satis
782 2093 894 2176 amplo
916 2094 1023 2175 capite
1045 2094 1226 2175 praeditus,

173 2196 328 2260 immanis
351 2206 385 2260 et
407 2197 635 2273 formidabilis,
660 2197 854 2260 tonantibus
877 2197 1047 2260 oblatrans
1074 2198 1227 2261 faucibus

174 2310 322 2365 mortuos
345 2301 464 2384 quibus
488 2301 554 2364 iam
573 2301 619 2363 nil
643 2300 721 2363 mali
740 2310 851 2384 potest
870 2301 982 2365 facere
998 2302 1123 2365 frustra
1138 2302 1228 2365 terri-

121 2437 151 2470 ω
172 2405 275 2470 tando
291 2415 369 2469 ante
385 2405 495 2489 ipsum
511 2405 612 2469 limen
628 2415 662 2468 et
678 2414 750 2467 atra
767 2404 850 2468 atria
864 2405 1082 2487 Proserpinae
1095 2426 1228 2488 semper

173 2509 340 2574 excubans
363 2519 476 2573 seruat
498 2530 638 2573 uacuam
664 2508 752 2571 Ditis
776 2508 921 2571 domum.
973 2509 1062 2572 hunc
1085 2511 1228 2573 offrena-

172 2625 243 2679 tum
259 2615 357 2679 unius
373 2616 498 2680 offulae
515 2615 639 2698 praeda
655 2614 753 2678 facile
772 2613 977 2697 praeteribis,
995 2613 1037 2676 ad
1053 2613 1227 2695 ipsamque

173 2719 324 2803 protinus
341 2719 574 2802 Proserpinam
591 2718 752 2795 introibis,
770 2738 855 2800 quae
877 2727 910 2780 te
931 2717 1068 2780 comiter
1086 2717 1228 2800 excipiet

173 2844 212 2888 ac
231 2823 377 2906 benigne
396 2834 432 2889 ut
451 2834 485 2888 et
504 2824 646 2887 molliter
665 2822 811 2886 assidere
833 2832 866 2886 et
889 2821 1066 2903 prandium
1089 2821 1227 2903 opipare

121 2955 149 3004 ας
173 2928 312 2993 suadeat
341 2950 480 2993 sumere.
543 2930 602 2994 sed
633 2940 670 2994 tu
701 2939 735 2994 et
766 2927 860 2991 humi
891 2925 1009 3001 reside,
1041 2935 1075 2988 et
1105 2945 1226 3006 panem

174 3032 343 3097 sordidum
359 3033 498 3115 petitum
518 3043 599 3097 esto.
638 3034 760 3099 deinde
780 3030 933 3094 nuntiato
953 3029 1033 3112 quid
1052 3029 1228 3093 adueneris

173 3148 395 3220 susceptoque
411 3139 500 3221 quod
519 3139 680 3203 offeretur
698 3158 812 3201 rursus
834 3153 988 3200 remeans
1010 3133 1101 3196 canis
1125 3133 1228 3195 saeui·

172 3240 252 3304 tiam
269 3241 374 3306 offula
389 3242 516 3324 reliqua
531 3242 665 3318 redime,
684 3262 723 3305 ac
739 3240 859 3305 deinde
875 3260 977 3303 auaro
997 3236 1130 3300 nauitae
1150 3236 1227 3298 data

173 3366 273 3428 quam
289 3366 522 3411 reseruaueras
539 3347 633 3428 stipe,
649 3346 854 3427 transitoque
870 3344 941 3408 eius
959 3343 1060 3406 fluuio
1077 3341 1227 3403 recolens

120 3473 150 3520 30
173 3449 283 3533 priora
297 3451 440 3532 uestigia
458 3450 501 3513 ad
520 3450 620 3514 istum
640 3449 833 3513 caelestium
856 3448 1001 3511 siderum
1022 3447 1131 3510 redies
1152 3445 1228 3507 cho-

172 3571 255 3617 rum.
303 3554 362 3618 sed
380 3554 466 3617 inter
481 3553 593 3617 omnia
614 3554 677 3617 hoc
698 3552 944 3616 obseruandum
967 3551 1146 3633 praecipue
1168 3548 1228 3611 tibi

173 3676 304 3733 conseo,
322 3677 364 3721 ne
385 3657 468 3721 uelis
489 3657 618 3739 aperire
639 3656 693 3720 uel
713 3655 878 3739 inspicere
902 3655 990 3716 illam
1015 3674 1114 3736 quarn
1139 3654 1227 3716 feres
