2684 4094
496 248 689 320 rrrnomvs
711 250 865 300 uuonan
1171 255 1228 321 105

181 426 235 469 me
258 406 334 488 plus
357 407 467 469 amat!
513 405 705 487 indignatus
730 427 821 487 puer,
849 407 938 490 quod
962 408 1137 492 Scylacem
1161 417 1229 471 tam

181 510 289 573 effuse
305 510 465 586 laudaret,
483 510 636 573 catellam
651 509 685 572 in
701 519 823 572 terram
840 510 994 592 deposuit
1012 511 1230 594 hortatusque

181 621 235 690 ert,
268 624 305 677 ut
335 614 377 676 ad
407 613 510 676 rixam
542 623 745 695 properaret.
793 614 923 699 Scylax,
955 615 1074 678 canino
1106 615 1230 679 scilicet

181 739 261 780 usus
277 718 421 799 ingeni0,
438 717 628 781 taeterrimo
645 718 765 781 latratu
781 718 958 781 triclinium
976 719 1126 800 impleuit
1144 721 1230 782 Mar-

143 822 389 904 5garitamque
418 821 533 886 Croesi
564 842 672 903 paene
703 822 869 885 lacerauit.
917 843 979 885 nec
1010 822 1096 885 intra
1126 823 1228 886 rixam

180 926 341 988 tumultus
364 925 521 1000 constitit,
547 925 606 988 sed
630 925 867 989 candelabrum
891 926 992 989 etiam
1018 947 1118 1008 super
1141 947 1230 990 men-

181 1050 251 1092 sam
276 1050 429 1092 euersum
456 1039 490 1092 et
517 1050 599 1092 uasa
626 1030 737 1092 omnia
763 1031 954 1115 crystallina
978 1031 1172 1094 comminuit
1196 1041 1230 1094 et
1320 1045 1322 1048 ⁴

181 1133 254 1196 oleo
270 1133 415 1195 feruenti
431 1133 556 1216 aliquot
572 1134 731 1196 conuiuas
747 1133 913 1216 respersit.
961 1134 1163 1198 Trimalchio
1187 1156 1229 1198 ne

181 1237 349 1299 uideretur
364 1238 490 1300 iactura
511 1248 629 1312 motus,
646 1237 790 1301 basiauit
805 1258 946 1320 puerum
963 1259 1001 1301 ac
1018 1238 1113 1302 iussit
1129 1259 1230 1321 super

129 1370 157 1403 ιο
180 1340 315 1404 dorsum
346 1341 527 1405 ascendere
559 1362 664 1405 suum.
711 1363 779 1405 non
810 1353 957 1406 moratus
988 1343 1042 1406 ille
1072 1363 1153 1406 usus
1183 1352 1229 1405 eet

180 1465 266 1527 equo
290 1465 458 1527 manuque
481 1446 582 1528 plena
604 1446 759 1528 scapulas
783 1445 854 1509 eius
873 1446 1013 1509 subinde
1029 1447 1226 1521 uerberauit,

180 1547 332 1631 interque
355 1548 457 1611 risum
480 1549 717 1631 proclamauit:
751 1550 882 1625 ‘bucca
907 1550 1021 1624 bucca,
1046 1560 1127 1633 quot
1151 1561 1229 1615 sunt

181 1651 272 1715 hic?’
303 1672 476 1734 repressus
499 1673 579 1735 ergo
603 1653 806 1736 aliquamdiu
829 1653 1031 1717 Trimalchio
1054 1655 1228 1718 camellam

180 1757 342 1838 grandem
357 1757 453 1820 iussit
468 1757 599 1821 misceri

128 1889 156 1936 15
180 1860 333 1942 potiones
357 1861 459 1924 diuidi
482 1862 638 1925 omnibus
661 1861 777 1939 seruis,
795 1863 852 1945 qui
873 1864 916 1926 ad
936 1863 1039 1945 pedes
1056 1863 1226 1938 sedebant,

179 1965 309 2028 adiecta
331 1965 547 2047 exceptione:
580 1966 627 2029 ‘si
650 1967 741 2048 quis'
759 1967 866 2050 inquit
883 1968 1043 2031 ‘noluerit
1066 1967 1226 2050 accipere,

179 2079 280 2150 caput
295 2068 341 2131 illi
357 2070 532 2151 perfunde.
579 2069 722 2133 interdiu
738 2091 865 2147 seuera,
882 2093 972 2135 nunc
988 2072 1124 2135 hilaria.’

131 2307 186 2361 The
199 2308 295 2362 dinner
302 2311 430 2378 proceeds
443 2311 501 2364 wira
516 2320 590 2380 preat
604 2311 760 2375 merriment,
773 2312 814 2364 tle
828 2311 936 2364 arember
947 2312 982 2382 of
994 2313 1034 2364 tle
1049 2320 1136 2382 queste
1153 2313 1228 2383 beinq

179 2396 330 2465 reinforced
349 2398 440 2464 hythe
460 2398 594 2467 leals-tipsy
613 2399 753 2451 Habinnas
773 2400 829 2451 who
848 2399 938 2468 hrinqs
957 2400 1016 2451 with
1036 2400 1089 2451 him
1109 2400 1149 2452 lais
1169 2401 1228 2469 wife

180 2483 313 2536 Scintilla.
359 2485 435 2537 Ecca
454 2486 495 2537 the
515 2503 611 2539 women
630 2486 705 2556 beqin
719 2487 820 2555 finally
838 2495 862 2539 to
881 2488 951 2539 show
970 2487 1011 2539 tle
1030 2487 1119 2555 effecte
1138 2487 1173 2555 os
1187 2496 1228 2541 too

178 2571 254 2622 macch
265 2570 340 2634 wine,
350 2571 426 2623 coltile
436 2571 594 2625 Trimalchio
607 2574 713 2626 reaches
725 2575 765 2626 tle
778 2574 895 2626 maudlin
908 2582 990 2643 stupe,
1001 2575 1055 2626 and
1067 2591 1227 2638 announces,

179 2657 252 2708 amid
264 2657 397 2710 universal
410 2659 532 2729 wecpiuq,
546 2661 586 2712 the
599 2668 676 2712 tems
688 2661 723 2729 of
733 2660 773 2712 lais
785 2661 835 2712 last
847 2661 901 2711 will
913 2661 968 2712 and
981 2669 1126 2712 testament:

223 2793 288 2856 iam
316 2806 472 2876 coeperat
500 2798 684 2860 Fortunata
710 2797 797 2861 uelle
824 2797 955 2874 saltare,
983 2797 1048 2860 iam
1077 2798 1227 2862 Scintilla

179 2896 387 2980 frequentius
403 2899 582 2981 plaudebat
598 2921 698 2983 quam
714 2900 919 2983 loquebatur,
933 2922 1009 2964 curn
1025 2901 1227 2964 Trimalchio

125 3032 154 3062 20
179 3001 371 3083 ‘permitto’
389 3003 496 3085 inquit
513 3005 727 3088 ‘Philargyre
750 3014 784 3067 et
807 3005 914 3080 Cario,
931 3005 994 3067 etsi
1018 3005 1227 3086 prasinianus

177 3123 214 3167 es
226 3105 385 3182 famosus,
396 3107 449 3170 dic
462 3117 496 3171 et
510 3108 735 3190 Menophilae,
747 3108 977 3171 contubernali
990 3119 1075 3184 tuae,
1088 3109 1227 3172 discum-

177 3206 253 3272 bat.'
300 3211 379 3292 quid
403 3212 529 3274 multa?
561 3232 668 3293 paene
692 3213 733 3275 de
757 3212 850 3275 lectis
867 3212 986 3275 deiecti
1002 3232 1125 3287 sumus
1143 3213 1226 3275 adeo
1306 3263 1318 3275 e

177 3322 284 3376 totum
308 3314 487 3378 triclinium
506 3315 632 3378 familia
648 3326 880 3398 occupauerat.
928 3327 1016 3379 certe
1032 3336 1096 3396 ego
1113 3316 1226 3385 notaui

178 3435 279 3498 super
294 3437 346 3480 me
368 3418 513 3499 positum
528 3439 654 3494 cocum,
672 3420 729 3501 qui
745 3421 786 3483 de
802 3440 905 3501 porco
921 3440 1072 3482 anserem
1089 3420 1225 3494 fecerat,

124 3547 153 3596 ος
177 3520 283 3583 muria
313 3521 600 3604 condimentisque
631 3523 802 3587 fetentem.
861 3544 924 3587 nec
954 3532 1132 3586 contentus
1163 3523 1227 3586 fuit

178 3624 380 3702 recumbere,
406 3626 465 3689 sed
495 3627 653 3690 continuo
686 3629 858 3710 Ephesum
889 3629 1084 3709 tragoedum
1116 3629 1226 3709 coepit
