2684 4094
414 241 625 290 FRAGMENTS
647 241 693 290 OF
716 241 843 290 ROMAN
866 242 991 290 SATIRE

202 398 331 462 tissima
346 399 508 482 expressit
524 398 789 479 imprudentibus
806 399 917 461 risum.
966 399 1064 479 pallio
1081 400 1169 463 enim
1183 422 1253 465 coc-

203 502 297 566 cineo
321 502 477 564 adrasum
497 503 682 564 excluserat
701 512 801 583 caput
818 503 970 584 circaque
987 515 1141 566 oneratas
1159 515 1253 568 ueste

203 606 351 670 ceruices
378 606 578 668 laticlauiam
611 606 792 668 immiserat
819 627 976 688 mappam
1007 608 1143 671 fimbriis
1175 610 1252 672 hinc

203 720 304 792 atque
335 709 423 772 illinc
455 710 688 792 pendentibus.
744 710 888 773 habebat
919 711 1019 773 etiam
1050 712 1084 774 in
1115 713 1252 777 minimo

165 814 306 895 gdigito
334 813 488 877 sinistrae
519 834 637 876 manus
668 813 803 876 anulum
834 815 996 895 grandem
1025 817 1250 893 subauratum,

203 927 350 982 extremo
374 937 453 981 uero
472 917 610 980 articulo
631 917 727 999 digiti
744 918 914 1000 sequentis
931 919 1101 995 minorem,
1119 930 1156 982 ut
1172 922 1253 983 mihi

203 1020 387 1097 uidebatur,
404 1031 511 1084 totum
529 1041 676 1097 aureum,
694 1020 753 1084 sed
771 1022 870 1102 plane
890 1022 1007 1085 ferreis
1026 1023 1129 1085 ueluti
1148 1025 1252 1087 stellis

203 1125 466 1189 ferruminatum.
513 1134 547 1188 et
578 1145 619 1188 ne
650 1126 712 1187 has
738 1133 868 1188 tantum
896 1128 1086 1189 ostenderet
1110 1127 1251 1203 diuitias,

203 1230 355 1293 dextrum
379 1228 516 1292 nudauit
540 1229 701 1292 lacertum
724 1229 851 1292 armilla
870 1250 970 1316 aurea
988 1231 1113 1293 cultum
1130 1242 1163 1294 et
1179 1233 1253 1296 ebo-

153 1366 182 1399 10
204 1353 260 1397 reo
284 1333 405 1398 circulo
429 1332 551 1395 lamina
575 1332 773 1414 splendente
795 1353 929 1397 conexo.
1000 1353 1052 1410 33.
1079 1345 1115 1397 ut
1132 1335 1253 1398 deinde

205 1437 308 1522 pinna
327 1446 488 1519 argentea
503 1437 621 1500 dentes
637 1436 791 1518 perfodit,
810 1437 943 1499 ‘amici’
961 1437 1067 1519 inquit
1084 1439 1252 1501 ‘nondum

205 1541 285 1605 mihi
307 1556 410 1605 suaue
433 1551 504 1605 erat
527 1540 561 1603 in
583 1539 762 1604 triclinium
784 1541 907 1616 uenire,
925 1542 985 1604 sed
1001 1562 1043 1604 ne
1060 1541 1183 1606 diutius
1199 1543 1253 1605 ab

204 1645 353 1709 sentiuos
376 1664 489 1708 morae
516 1644 611 1707 uobis
637 1664 755 1720 essem,
780 1664 913 1708 omnem
940 1645 1146 1727 uoluptatem
1173 1646 1254 1708 mihi

204 1749 334 1831 negaui.
382 1747 580 1831 permittetis
610 1757 723 1811 tamen
754 1747 839 1811 finiri
869 1748 998 1811 lusum’
1054 1749 1254 1830 sequebatur

154 1882 181 1932 15
205 1874 288 1938 puer
315 1873 391 1916 cum
417 1853 531 1916 tabula
561 1851 786 1916 terebinthina
815 1862 850 1915 et
879 1852 1078 1936 crystallinis
1108 1853 1252 1928 tesseris,

204 1956 385 2039 notauique
416 1976 486 2020 rem
517 1955 664 2019 omnium
695 1954 975 2020 delicatissimam.
1026 1977 1086 2037 pro
1119 1957 1253 2021 calculis

205 2061 293 2125 enim
312 2060 396 2124 albis
418 2080 456 2123 ac
476 2058 580 2141 nigris
599 2080 718 2122 aureos
734 2069 979 2141 argenteosque
995 2060 1141 2124 habebat
1156 2062 1254 2124 dena-

205 2164 279 2229 rios.
327 2163 458 2228 interim
485 2164 564 2245 dum
594 2163 649 2226 ille
680 2163 828 2226 omnium
858 2172 1022 2226 textorum
1054 2164 1142 2226 dicta
1169 2164 1255 2227 inter

204 2267 314 2332 lusum
337 2267 510 2343 consumit,
535 2265 747 2348 gustantibus
769 2268 879 2330 adhue
903 2267 998 2329 nobis
1021 2268 1252 2349 repositorium

152 2404 181 2437 ω
205 2372 341 2435 allatum
363 2381 414 2436 est
432 2392 509 2435 cum
527 2370 636 2446 corbe,
653 2369 687 2432 in
704 2391 770 2452 quo
786 2370 911 2452 gallina
926 2381 997 2433 erat
1014 2371 1125 2452 lignea
1141 2382 1254 2453 paten-

204 2475 293 2539 tibus
320 2475 354 2538 in
381 2474 495 2540 orbem
521 2473 591 2550 alis,
616 2474 732 2556 quales
757 2493 831 2537 esse
855 2474 963 2537 solent
986 2495 1071 2557 quae
1095 2475 1254 2538 incubant

205 2600 277 2644 oua.
324 2599 495 2643 accessere
517 2578 675 2642 continuo
698 2578 764 2641 duo
788 2577 876 2640 serui
899 2588 933 2640 et
956 2579 1156 2662 symphonia
1177 2591 1254 2642 stre-

205 2694 307 2766 pente
320 2682 459 2747 scrutari
475 2682 605 2767 paleam
621 2691 805 2766 coeperunt
821 2691 981 2764 erutaque
998 2682 1138 2746 subinde
1155 2704 1253 2763 pauo-

205 2788 284 2851 nina
307 2808 371 2852 oua
391 2787 535 2850 diuisere
551 2785 708 2849 conuiuis.
756 2785 921 2849 conuertit
937 2784 978 2848 ad
995 2786 1080 2849 hanc
1098 2807 1252 2851 scaenam

153 2921 181 2968 25
205 2891 407 2957 Trimalchio
431 2891 559 2954 uultum
583 2899 616 2953 et
633 2888 766 2953 ‘amici'
784 2889 830 2953 ait
848 2889 1007 2970 ‘pauonis
1027 2911 1091 2953 oua
1111 2891 1253 2970 gallinae

205 2995 286 3059 iussi
316 2994 468 3079 supponi.
517 3003 551 3057 et
577 2993 785 3057 mehercules
812 2991 913 3080 timeo
940 3013 982 3056 ne
1008 2993 1073 3056 iam
1100 2996 1253 3077 concepti

205 3099 289 3176 sint;
315 3108 517 3181 temptemus
539 3107 663 3174 tamen,
688 3096 716 3160 si
738 3097 848 3160 adhuc
873 3096 1006 3160 sorbilia
1029 3099 1126 3160 sunt'
1173 3099 1255 3161 acci-

206 3202 316 3287 pimus
337 3223 397 3266 nos
419 3201 604 3267 cochlearia
620 3221 687 3265 non
704 3201 813 3264 minus
829 3200 967 3263 selibras
983 3201 1164 3283 pendentia
1180 3223 1253 3264 oua-

205 3328 270 3390 que
286 3328 327 3371 ex
342 3306 449 3371 farina
466 3305 582 3387 pingui
598 3305 740 3386 figurata
757 3304 996 3386 pertundimus.
1044 3325 1107 3385 ego
1120 3306 1252 3386 quidem

153 3441 183 3487 30
206 3432 314 3493 paene
338 3410 461 3492 proieci
484 3419 611 3491 partem
636 3428 754 3483 meam,
780 3428 856 3470 nam
882 3407 1056 3470 uidebatur
1081 3409 1162 3470 mihi
1189 3410 1252 3471 iam

206 3515 239 3578 in
263 3516 390 3597 pullum
414 3514 528 3577 coisse.
576 3511 696 3575 deinde
713 3521 749 3573 ut
765 3511 877 3572 audiui
894 3521 1041 3574 ueterem
1058 3512 1253 3575 conuiuam:

207 3619 277 3684 ‘hic
300 3619 412 3682 nescio
436 3617 515 3700 quid
539 3616 618 3680 boni
640 3616 740 3678 debet
763 3616 857 3690 esse,'
878 3625 1071 3696 persecutus
1096 3625 1254 3697 putamen
