2684 4094
137 243 198 291 120
396 237 607 287 FRAGMENTS
631 237 675 286 OF
699 237 825 287 ROMAN
849 238 975 287 SATIRE

186 395 341 478 aliudque
364 397 454 458 uitae
478 395 680 477 praesidium
704 396 860 477 quaerite.
909 396 959 458 sin
977 406 1087 459 autem
1108 397 1246 461 urbani-

186 500 251 562 oris
274 509 373 562 notae
397 499 549 562 homines
573 499 742 561 sustinetis
766 519 899 580 semper
922 499 1062 576 mentiri,
1080 510 1173 563 recta
1197 504 1244 565 ad

186 603 313 666 lucrum
330 603 467 666 curritis.
515 601 548 665 in
569 603 630 666 bac
648 603 736 665 enim
753 604 833 665 urbe
851 625 917 665 non
941 603 1110 666 literarum
1128 605 1245 668 studia

186 707 404 782 celebrantur,
421 728 488 769 non
505 707 695 789 eloquentia
710 708 819 769 locum
842 706 951 780 habet,
970 728 1036 770 non
1061 708 1243 788 frugalitas

147 840 162 887 5
186 811 357 893 sanctique
385 831 494 874 mores
521 810 673 873 laudibus
700 812 742 873 ad
770 812 916 874 fructum
943 812 1152 892 perueniunt,
1180 815 1243 876 sed

186 935 402 997 quoscunque
434 915 585 977 homines
612 915 645 977 in
674 916 736 978 bac
763 915 845 977 urbe
872 915 1029 990 uideritis,
1058 915 1176 978 scitote
1204 917 1242 980 in

186 1018 269 1081 duas
293 1029 405 1100 partes
429 1038 502 1081 esse
526 1019 659 1081 diuisos.
707 1040 784 1080 nam
803 1028 861 1081 aut
881 1028 1058 1100 captantur
1082 1029 1139 1081 aut
1163 1040 1243 1102 cap-

186 1132 266 1185 tant.
308 1123 342 1184 in
359 1123 421 1185 bac
438 1122 518 1185 urbe
534 1142 633 1185 nemo
649 1121 770 1185 liberos
786 1121 879 1198 tollit,
897 1123 976 1204 quia
992 1123 1140 1205 quisquis
1158 1144 1242 1188 suos

186 1227 326 1289 heredes
342 1226 451 1302 habet,
469 1246 536 1288 non
554 1226 596 1288 ad
615 1247 725 1302 cenas
743 1247 809 1288 non
827 1227 868 1288 ad
889 1227 1079 1308 spectacula
1095 1227 1242 1290 admitti-

136 1361 163 1394 ιο
186 1340 248 1405 tur,
266 1331 325 1393 sed
342 1329 495 1392 omnibus
517 1330 710 1411 prohibetur
727 1331 917 1405 commodis,
934 1331 1020 1393 inter
1043 1331 1242 1412 ignominio-

187 1454 241 1496 sos
264 1433 378 1496 latitat.
426 1434 483 1515 qui
505 1454 585 1496 uero
608 1453 669 1496 nec
691 1454 809 1496 uxores
830 1455 976 1515 unquam
993 1435 1158 1497 duxerunt
1174 1456 1242 1501 nec

187 1538 353 1618 proximas
383 1537 645 1600 necessitudines
677 1537 810 1612 habent,
840 1538 881 1600 ad
912 1558 1059 1600 summos
1092 1539 1242 1604 honores

187 1641 394 1722 perueniunt,
423 1641 455 1703 id
486 1651 537 1703 est
564 1641 624 1704 soli
653 1641 821 1716 militares,
847 1641 907 1703 soli
934 1641 1105 1704 fortissimi
1135 1652 1241 1725 atque

187 1745 286 1807 etiam
309 1744 504 1808 innocentes
535 1744 707 1807 habentur.
755 1745 902 1807 adibitis’
927 1745 1033 1827 inquit
1058 1746 1241 1828 ‘oppidum

69 1903 71 1907 ,
136 1878 162 1924 15
186 1858 344 1930 tanquam
364 1848 397 1910 in
415 1848 605 1929 pestilentia
620 1868 764 1929 campos,
783 1848 816 1910 in
833 1849 952 1930 quibus
968 1849 1050 1922 nihil
1071 1849 1161 1912 aliud
1186 1862 1242 1915 est

186 1951 250 2014 nisi
265 1952 437 2027 cadauera,
454 1972 540 2034 quae
556 1953 751 2026 lacerantur,
770 1962 826 2014 aut
842 1952 941 2028 corui,
958 1953 1015 2034 qui
1030 1953 1195 2016 lacerant'

640 2074 657 2109 ἢ
705 2074 722 2109 ἢ
770 2074 787 2109 ἢ

231 2160 330 2242 ‘quid
367 2162 468 2242 crgo'
503 2159 609 2242 inquit
649 2160 833 2240 Eumolpus
869 2166 1059 2224 ‘cessamus
1097 2161 1238 2226 mimum

186 2265 408 2345 componere?
455 2263 555 2327 facite
586 2283 666 2344 ergo
697 2283 750 2326 me
781 2264 961 2340 dominum,
994 2265 1022 2327 si
1052 2266 1239 2346 negotiatio

185 2368 315 2449 placet!
361 2388 459 2430 nemo
479 2388 579 2430 ausus
599 2377 650 2430 est
673 2377 777 2430 artem
797 2368 955 2430 damnare
978 2368 1060 2430 nihil
1084 2370 1239 2433 auferen-

133 2501 162 2533 ω
184 2482 261 2534 tem.
308 2471 420 2554 itaque
440 2482 475 2534 ut
494 2472 629 2534 duraret
652 2471 738 2533 inter
755 2492 870 2534 omnes
887 2482 995 2535 tutum
1011 2472 1236 2551 mendacium,

185 2575 218 2636 in
234 2576 337 2638 uerba
356 2575 512 2656 Eumolpi
535 2584 778 2638 sacramentum
803 2576 999 2638 iurauimus:
1024 2576 1083 2651 uri,
1106 2576 1236 2654 uinciri,

184 2679 352 2741 uerberari
375 2680 531 2761 ferroque
555 2678 674 2754 necari,
697 2689 730 2741 et
754 2679 909 2760 quicquid
933 2679 1022 2742 aliud
1047 2681 1237 2762 Eumolpus

184 2781 341 2845 iussisset.
388 2791 547 2864 tanquam
564 2781 702 2863 legitimi
725 2782 926 2863 gladiatores
943 2783 1076 2847 domino
1089 2776 1237 2866 ¹corpora

184 2886 376 2968 animasque
396 2886 642 2966 religiosissime
659 2886 850 2949 addicimus.
898 2897 973 2968 post
997 2896 1168 2968 peractum
1186 2908 1237 2950 sa·

132 3020 159 3066 25
183 3000 389 3052 eramentum
414 2989 576 3052 seruiliter
603 2989 669 3051 ficti
693 2989 862 3051 dominum
887 2991 1145 3065 consalutamus,
1170 2991 1236 3053 ela-

183 3103 319 3175 tumque
336 3093 377 3156 ab
392 3094 557 3175 Eumolpo
574 3093 677 3156 filium
695 3093 818 3174 pariter
833 3093 1065 3168 condiscimus,
1077 3094 1234 3157 iuuenem

183 3196 328 3277 ingentis
359 3198 568 3279 eloquentiae
599 3207 633 3260 et
664 3197 745 3278 spei,
774 3197 914 3278 ideoque
942 3199 982 3260 de
1010 3197 1144 3260 ciuitate
1171 3218 1234 3261 sua

182 3301 401 3364 miserrimum
429 3322 543 3364 senem
571 3301 686 3376 exisse,
714 3321 757 3363 ne
785 3311 842 3363 aut
869 3301 1006 3364 clientes
1035 3302 1233 3383 sodalesque

182 3404 239 3466 tilii
262 3405 314 3467 sui
335 3415 391 3467 aut
413 3406 601 3486 sepulcrum
618 3404 765 3486 quotidie
782 3425 916 3467 causam
940 3405 1149 3467 lacrimarum
1166 3425 1234 3468 cer-

129 3540 158 3585 30
182 3518 284 3572 neret.
332 3509 512 3572 accessisse
537 3509 612 3572 huic
633 3508 785 3571 tristitiae
807 3508 990 3588 proximum
1008 3508 1232 3589 naufragium,

182 3633 247 3694 quo
271 3613 413 3694 amplius
437 3612 539 3675 uicies
565 3611 752 3675 sestertium
777 3611 937 3686 amiserit;
970 3631 1030 3674 nee
1054 3612 1146 3673 illum
1170 3611 1234 3675 iac-
