2684 4094
614 263 741 311 ENNIVS

346 454 347 457 ¹
383 434 643 485 ΠΡΟΤΡΕΠΤΙΚΟΣ
667 440 743 483 SIVE
767 439 969 484 PRAECEPTA

380 539 432 591 ‘As
445 541 485 592 tle
497 541 558 609 turiy
572 541 672 604 iubent,
686 543 726 592 tle
739 552 790 594 trec
805 543 825 594 is
839 543 972 596 inclined!

125 650 179 733 29ss
212 650 268 715 ubi
283 651 373 715 uidet
389 652 540 727 auenam,
558 653 669 714 lolium
687 654 836 716 cre‘scere
852 653 938 716 inter
953 653 1108 730 trlticum,
1196 636 1199 641 ⁵

211 756 337 838 selegit,
355 755 506 831 secernit,
525 757 643 831 aufert,
662 756 688 818 r‘s
704 777 840 838 operam
857 757 948 820 addit
965 759 1079 821 sedulo

210 861 295 944 quae
311 869 405 924 tanto
421 880 496 923 cum
513 858 621 922 studio
639 860 748 923 seruit.
983 902 1068 956 Prisc.
1084 905 1106 956 1.
1122 918 1172 973 502
1186 906 1222 958 K·

526 1099 821 1145 HEDVPHAGETICA

256 1204 312 1257 Tre
323 1205 524 1274 pastronomer’s
536 1204 686 1271 dictionury
699 1204 802 1273 offielr,
815 1204 887 1273 after
900 1205 1094 1258 Archestratus.

122 1337 176 1396 3ο.
209 1319 362 1402 omnibus
378 1320 419 1381 ad
437 1319 598 1400 Clupeam
615 1329 764 1399 praestat
779 1320 921 1382 mustela
938 1320 1072 1382 marina.

208 1443 320 1486 mures
336 1433 415 1486 sunt
430 1423 528 1498 Aeni,
546 1423 654 1503 spissa
670 1433 779 1486 ostrea
795 1423 938 1505 plurima
953 1423 1075 1507 Abydi.

208 1537 259 1591 est
274 1537 395 1609 pecten
413 1526 596 1611 Mitylenae
615 1536 648 1590 et
667 1527 757 1608 apud
774 1527 979 1591 Charadram
996 1527 1224 1590 Ambraciam·

295 1651 369 1713 que.

210 1734 388 1799 Brundusii
404 1743 554 1816 sargust:
579 1735 667 1797 hunc
684 1755 825 1814 magnus
841 1734 869 1797 si
885 1734 946 1797 erit
961 1734 1020 1797 tibi
1036 1755 1139 1800 sume.

159 1865 173 1918 5
208 1839 392 1921 apriculum
409 1838 535 1919 piscem
551 1838 632 1901 scito
649 1826 792 1919 primum
809 1858 883 1901 esse
899 1838 1046 1901 Tarenti.

209 1943 360 2008 Surrenti
375 1943 429 2005 lac
446 1961 538 2004 emas
555 1942 719 2023 helopem,
736 1942 892 2023 glaucum
908 1962 992 2024 cape
1009 1943 1132 2007 Cumis.

207 2047 287 2131 quid
305 2047 449 2121 turdum,
467 2046 637 2121 merulam,
655 2046 872 2121 melanurum‚
890 2046 1110 2129 umbramque
1128 2048 1223 2111 mari-

293 2170 372 2212 narn

162 2241 166 2246 ¹
207 2253 362 2338 praeterii
399 2264 498 2336 atque
535 2273 675 2329 scarum,
707 2254 879 2318 cerebrum
912 2255 1002 2318 Iouis
1033 2274 1140 2336 paene
1171 2276 1223 2318 su-

293 2358 422 2442 premi?

207 2462 359 2527 Nestoris
375 2462 417 2524 ad
436 2461 578 2543 patriam
595 2461 648 2525 hic
664 2462 794 2543 capitur
810 2482 1020 2545 magnusque
1035 2462 1218 2544 bonusque.
1243 2523 1251 2531 ,

142 2592 172 2629 ιο
205 2567 349 2650 polypus
366 2566 541 2650 Corcyrae,
558 2565 702 2628 caluaria
718 2566 856 2648 pinguia
872 2567 1038 2642 Acarnae‚

205 2690 362 2753 purpura,
379 2669 540 2759 muriculi‚
558 2689 681 2744 murex,
698 2670 813 2733 dulces
829 2690 960 2751 quoque
976 2670 1093 2733 echini.

987 2770 1071 2839 Apul.
1086 2770 1162 2839 May.
1175 2784 1219 2839 39.

558 2912 780 2958 EPICHARMVS

120 3014 174 3070 Ure
191 3025 253 3086 poet
273 3017 377 3069 dremm
398 3017 453 3068 thot
474 3017 503 3068 in
524 3018 564 3069 tle
585 3017 664 3069 lower
682 3017 765 3069 world
785 3017 817 3068 le
839 3023 917 3068 meets
938 3016 978 3067 tle
1000 3017 1081 3068 rhode
1102 3015 1137 3084 of
1152 3013 1220 3083 Epi·

203 3105 334 3168 clormus,
347 3105 402 3156 uto
415 3104 543 3171 proceeds
555 3112 580 3156 to
592 3105 714 3171 erpound
725 3104 767 3154 tlte
779 3111 872 3171 system
888 3102 923 3170 of
936 3111 1029 3154 nature
1042 3111 1067 3154 to
1079 3102 1132 3154 him
1143 3101 1219 3170 from

184 3184 188 3192 ’
203 3207 221 3243 a
232 3190 409 3244 rationalistie
421 3191 579 3259 stondpoint.

116 3324 170 3383 31.
203 3303 281 3369 narn
296 3306 434 3370 uidebar
451 3303 616 3369 somniare
633 3305 709 3367 med
726 3325 789 3385 ego
806 3323 880 3367 esse
896 3301 1071 3366 mortuum.

888 3404 946 3458 Cic.
961 3405 1052 3457 Acad.
1063 3421 1107 3472 pr.
1121 3405 1159 3456 ll.
1175 3418 1217 3472 52.

529 3497 583 3550 The
593 3498 662 3566 four
675 3497 805 3548 elemento.

113 3628 169 3688 32.
181 3607 298 3695 *aqua
315 3619 411 3684 terra,
430 3610 550 3685 anima,
568 3608 617 3673 sol
956 3649 1035 3700 Van,
1050 3647 1086 3699 R,
1102 3647 1137 3697 p,
1153 3648 1175 3699 1,
1191 3661 1216 3711 4,
