2684 4094
579 274 738 322 LVCILIVS

535 427 775 496 Dour-fusteninys.

105 546 160 609 60.
653 592 659 604 .
686 592 692 604 .
719 593 725 605 .
751 563 793 606 ne
810 543 936 624 agitare
954 564 1054 606 manu
1070 555 1105 606 tu

193 646 363 730 pessulum
380 657 414 710 et
429 647 518 709 hunc
535 656 665 709 uectem
682 647 800 728 possis.
849 658 987 710 cuneost
1004 668 1087 728 opus
1104 649 1185 729 ipso,
1286 722 1291 729 ,

1014 751 1088 802 Non.
1104 764 1165 816 231.
1181 763 1206 815 7.

336 853 412 905 Some
423 853 628 922 praediisqueut
641 853 782 921 trapediau
794 853 817 904 is
830 853 971 905 criticised.

105 970 159 1032 61.
192 967 377 1051 Tisiphone
394 968 485 1053 Tityi
501 988 519 1029 e
537 967 750 1048 pulmonibus
767 968 875 1050 adque
892 968 990 1049 adipe
1007 989 1143 1049 unguen

192 1082 364 1134 excoctum
381 1072 499 1146 attulit,
520 1072 743 1134 Eumenidum
761 1071 970 1135 sanctissima
988 1072 1117 1156 Erinys.

1012 1176 1088 1227 Non.
1102 1187 1164 1239 427.
1179 1190 1205 1242 9.

395 1277 436 1329 As
449 1296 466 1329 u
479 1279 533 1329 lion
545 1278 626 1330 stallis
639 1279 695 1330 aud
707 1279 809 1330 attacks
821 1295 838 1330 a
850 1287 916 1347 παρ.

104 1395 158 1457 62.
192 1393 388 1474 adsequitur
403 1413 512 1474 neque
529 1393 732 1473 opinantem,
750 1393 783 1455 in
800 1403 901 1474 caput
917 1393 1027 1466 insilit,
1046 1393 1154 1474 ipsum

191 1495 476 1559 conmanducatur
491 1505 598 1559 totum
615 1498 797 1579 conplexus
814 1506 1015 1578 comestque.

754 1599 829 1651 Non·
843 1598 905 1663 478·
920 1614 970 1665 333
990 1610 1052 1663 477·
1068 1611 1099 1667 5;
1120 1599 1163 1649 81·
1178 1614 1204 1668 9·

570 1815 680 1876 Lmen
702 1815 742 1879 V.

380 1940 502 1992 Lucilius
514 1941 591 1992 sends
604 1941 644 1992 Iris
658 1957 741 1992 verses
754 1949 779 1992 to
792 1957 808 1992 a
816 1940 923 2008 friend.

103 2062 157 2134 63.
190 2069 298 2122 macte
314 2059 450 2141 inquam
467 2058 588 2121 uirtute
605 2059 768 2140 simulque
786 2059 837 2121 his
852 2059 1003 2122 uersibus
1020 2069 1101 2122 esto.

617 2163 691 2213 Non.
707 2175 767 2228 341.
783 2161 833 2226 283
854 2161 931 2213 Seru.
946 2161 975 2213 in
989 2161 1060 2211 Aen.
1076 2161 1126 2212 IX.
1141 2160 1202 2228 638.

360 2322 399 2417 ¹If
405 2349 462 2401 well
474 2349 503 2401 iu
515 2349 589 2417 body,
602 2351 633 2401 lre
646 2350 733 2401 would
746 2367 815 2402 come
827 2349 939 2418 himself.

101 2466 155 2542 64.
189 2464 301 2527 sitam
318 2485 439 2545 eorpus
455 2465 528 2527 loco
545 2464 691 2526 ualidum
709 2485 747 2526 ac
764 2465 899 2544 regione
916 2473 1050 2538 mearet,

189 2568 359 2650 scriptoris
375 2588 475 2650 quarn
492 2587 572 2630 uera
588 2577 677 2630 meat
694 2568 859 2630 sententia
875 2567 974 2630 cordi.
991 2654 1017 2704 N

1020 2668 1066 2705 on.
1084 2664 1142 2720 173.
1161 2666 1192 2716 14

299 2777 343 2830 He
357 2779 452 2829 blames
463 2777 504 2829 lis
512 2777 610 2846 friend
618 2777 669 2846 for
681 2786 724 2830 not
736 2778 839 2846 cominy
851 2786 875 2829 lo
888 2794 929 2829 see
941 2777 1002 2842 lim,

64 2868 154 2972 Χ65.
187 2914 253 2975 quo
269 2913 322 2962 me
339 2893 481 2956 habeam
498 2903 605 2974 pact0,
623 2893 758 2955 tametsi
773 2912 839 2954 non
857 2892 997 2974 quaeris
1016 2892 1153 2967 docebo,

187 2998 321 3079 quando
337 2997 371 3058 in
388 3017 427 3058 eo
443 3016 581 3059 numero
599 2997 721 3058 mansti
738 3017 803 3078 quo
820 2997 853 3057 in
871 2996 1013 3057 maxima
1029 3017 1118 3067 nunc
1134 3006 1185 3058 est

187 3121 265 3182 pars
282 3101 453 3164 hominum
478 3150 484 3162 .
511 3150 517 3162 .
543 3150 549 3162 .

186 3215 223 3267 ut
239 3204 377 3285 periisse
394 3204 486 3279 ueliS,
503 3225 603 3286 quem
620 3204 727 3267 uisere
744 3204 897 3279 nolueriS,
916 3224 991 3266 eum

136 3334 150 3387 5
185 3308 348 3371 debueris
397 3310 459 3371 hoc
477 3308 658 3371 ‘nolueris’
677 3319 710 3370 et
728 3308 917 3370 ‘debueris’
935 3318 968 3370 te

186 3412 214 3474 si
229 3413 339 3474 minus
355 3412 509 3486 delectat,
527 3412 616 3494 quod
632 3409 759 3494 τεχνίον
777 3412 1029 3474 Eisocratiumst

185 3511 393 3598 lapidesque
410 3516 507 3578 simul
523 3526 629 3579 totum
646 3537 684 3578 ac
701 3509 980 3596 ‹ruppcrpaerdles‚

185 3641 252 3683 non
269 3639 404 3703 operam
422 3620 533 3700 perdo.
582 3620 609 3682 si
625 3629 660 3681 tu
677 3620 730 3682 hic
755 3669 761 3680 .
788 3669 793 3680 .
820 3669 826 3681 .
962 3660 1033 3711 Gell.
1049 3662 1156 3712 XVIII·
1172 3660 1197 3711 3·
