2684 4094
129 276 190 337 114
389 267 600 317 FRAGMENTS
622 267 667 316 OF
690 267 816 316 ROMAN
840 268 966 316 SATIRE

178 426 269 501 risse,
288 446 391 488 unum
412 435 548 488 nautam
571 425 722 488 stationis
747 434 929 506 perpetuae
952 425 1095 488 interdiu
1116 434 1234 488 noctu-

179 551 243 612 que
266 530 374 592 iacere
395 530 428 592 in
449 530 583 610 scapha,
602 549 663 591 nec
688 549 786 609 posse
810 529 886 590 inde
903 529 1074 591 custodem
1090 528 1155 592 nisi
1173 539 1233 592 aut

178 634 280 696 caede
311 633 431 714 expelli
461 643 518 695 aut
548 632 759 714 praecipitari
789 631 923 694 uiribus,
971 633 1059 713 quod
1087 652 1130 694 an
1158 633 1233 695 fieri

179 737 292 818 possit,
318 737 520 817 interrogate
551 736 723 799 audaciam
755 745 909 798 uestram.
957 756 1034 797 nam
1065 736 1154 817 quod
1188 737 1231 799 ad

140 870 155 917 5
179 861 290 903 meum
317 840 451 923 quidem
478 841 670 903 comitatum
698 840 825 914 attinet,
851 840 978 902 nullum
1002 859 1120 902 recuso
1146 840 1233 921 peri-

180 945 299 1020 culum,
328 946 416 1026 quod
445 944 559 1006 salutis
587 963 681 1025 spem
709 943 863 1006 ostendit.
924 963 1001 1005 nam
1029 943 1099 1005 sine
1127 963 1232 1006 causa

184 1045 353 1133 [quidem]
388 1048 540 1130 spiritum
571 1058 730 1129 tanquam
762 1068 832 1109 rem
862 1067 1003 1110 uacuam
1034 1047 1232 1128 impendere

180 1172 222 1215 ne
253 1172 313 1215 uos
344 1153 477 1234 quidem
509 1152 659 1214 existimo
689 1152 784 1214 uelle.
831 1151 952 1225 uidete,
977 1150 1138 1232 numquid
1166 1152 1232 1214 hoc
1278 1141 1280 1149 ’

180 1257 326 1338 placeat:
351 1276 415 1336 ego
439 1276 498 1319 uos
522 1257 555 1318 in
579 1257 662 1318 duas
685 1256 750 1318 iam
775 1256 880 1337 pelles
903 1255 1063 1319 coniciam
1088 1255 1233 1318 uinctos-

129 1387 158 1420 10
180 1380 244 1441 que
267 1359 345 1422 loris
369 1359 455 1422 inter
476 1359 677 1422 uestimenta
700 1380 759 1440 pro
783 1359 921 1422 sarcinis
945 1359 1084 1435 habeb0,
1105 1360 1233 1439 apertis

180 1463 306 1526 scilicet
332 1462 541 1545 aliquatenus
568 1463 676 1539 labris,
702 1463 822 1545 quibus
847 1473 880 1525 et
907 1463 1057 1544 spiritum
1081 1463 1232 1544 recipere

181 1567 314 1648 possitis
344 1576 378 1629 et
408 1567 526 1630 cibum.
584 1568 799 1630 conclamabo
831 1567 951 1630 deinde
986 1577 1083 1630 noete
1114 1573 1232 1631 'seruos

181 1691 323 1752 poenam
351 1671 537 1752 grauiorem
562 1671 717 1734 timentes
748 1671 986 1752 praecipitasse
1010 1692 1046 1734 se
1069 1671 1103 1733 in
1127 1692 1229 1734 mare.

181 1775 302 1838 deinde
325 1796 401 1838 cum
422 1785 558 1837 uentum
582 1775 683 1838 fuerit
707 1776 740 1838 in
764 1769 905 1856 portum,
924 1776 995 1838 sine
1011 1776 1078 1838 ulla
1094 1776 1232 1857 suspici·

130 1905 157 1952 15
181 1899 245 1941 one
268 1900 328 1960 pro
352 1879 490 1942 sarcinis
513 1900 573 1941 uos
597 1880 756 1942 efferam?
804 1880 866 1941 ‘ita
888 1880 981 1942 uero'
1007 1879 1142 1961 inquam
1165 1899 1231 1960 ego

183 1988 358 2064 ‘tanquam
382 1984 504 2045 solidos
528 1983 731 2063 alligaturus,
752 1983 871 2065 quibus
895 2004 962 2059 non
984 1984 1089 2046 soleat
1112 1993 1232 2045 uenter

181 2086 332 2149 iniuriam
359 2087 490 2149 facere?
536 2107 579 2149 an
602 2096 761 2168 tanquam
789 2087 929 2169 eosqui
953 2097 1139 2150 sternutare
1162 2107 1230 2149 non

181 2191 346 2253 soleamus
369 2211 432 2253 nec
456 2191 612 2253 stertere?
639 2211 681 2252 an
706 2190 869 2271 quiahoc
893 2211 999 2272 genus
1022 2191 1103 2253 furti
1126 2191 1230 2252 semel

185 2290 294 2378 [mea]
321 2295 461 2357 feliciter
485 2295 603 2356 cessit?
629 2295 686 2356 sed
710 2295 798 2375 finge
818 2315 884 2356 una
903 2295 957 2357 die
975 2294 1105 2357 uinctos
1129 2314 1230 2375 posse

129 2426 158 2458 ω
181 2398 316 2460 durare:
340 2399 418 2480 quid
442 2418 531 2478 erg0,
550 2399 578 2460 si
598 2397 721 2460 diutius
741 2407 798 2459 aut
820 2398 1041 2479 tranquillitas
1060 2418 1121 2460 nos
1136 2407 1231 2460 tenu·

181 2501 242 2564 erit
258 2511 315 2564 aut
328 2503 467 2564 aduersa
479 2502 681 2582 tempestas?
717 2501 795 2582 quid
812 2502 933 2565 facturi
949 2501 1082 2564 sumus?
1116 2511 1230 2564 uestes

181 2611 312 2687 quoque
336 2605 459 2668 diutius
483 2606 611 2668 uinctas
635 2625 718 2685 ruga
741 2605 914 2680 consumit,
939 2615 973 2668 et
1000 2606 1135 2667 chartae
1162 2604 1231 2667 alli-

180 2718 278 2789 gatae
295 2718 424 2771 mutant
448 2710 596 2790 figuram.
643 2709 781 2771 iuuenes
803 2710 912 2771 adhuc
934 2708 1055 2772 laboris
1076 2718 1231 2790 expertes

180 2822 364 2876 statuarum
380 2813 444 2876 ritu
460 2812 624 2894 patiemur
641 2833 771 2893 pannos
787 2822 820 2875 et
836 2813 979 2875 uincla?’

695 2939 712 2975 ll

127 3047 155 3094 25
181 3022 305 3083 ‘adhuc
329 3020 462 3102 aliquod
485 3020 547 3083 iter
570 3020 685 3083 salutis
708 3021 935 3103 quaerendum
959 3031 1017 3083 est.
1065 3020 1229 3102 inspicite,

179 3125 267 3206 quod
298 3144 361 3205 ego
391 3125 512 3187 inueni.
563 3124 748 3205 Eumolpus
778 3134 937 3206 tanquam
968 3125 1137 3187 literarum
1164 3134 1231 3187 stu-

179 3228 292 3291 diosus
324 3228 436 3310 utique
467 3237 689 3291 atramentum
721 3228 829 3290 habet.
877 3228 940 3290 hoc
971 3248 1051 3309 ergo
1081 3227 1230 3291 remedio

179 3342 345 3395 mutemus
382 3332 509 3419 colores
543 3353 563 3394 a
600 3332 728 3412 capillis
766 3352 871 3413 usque
906 3333 947 3394 ad
986 3353 1124 3413 ungues.
1183 3331 1230 3395 ita

179 3444 337 3517 tanquam
363 3435 451 3498 serui
474 3435 661 3516 Aethiopes
689 3445 723 3498 et
753 3445 886 3516 praesto
916 3435 975 3498 tibi
1006 3436 1129 3499 erimus
1157 3435 1236 3499 sine.

140 3548 416 3615 3otormentorum
442 3539 561 3601 iniuria
582 3539 713 3614 hilares,
731 3548 763 3601 et
783 3548 970 3619 permutato
994 3540 1104 3602 colore
1127 3538 1230 3619 impo
1295 3584 1298 3588 -

179 3663 298 3706 nemus
320 3642 479 3705 inimicis'
528 3642 694 3724 ‘quidni?'
720 3642 827 3724 inquit
844 3642 943 3707 Giton
961 3643 1076 3706 ‘etiam
1093 3641 1230 3706 circum-
