2684 4094
147 269 208 332 166
407 277 617 328 salomanis
639 277 688 327 or
708 277 834 326 Roman
857 277 983 326 sanas

196 435 308 498 labore
324 436 435 497 fessae
457 434 576 517 quietis
598 434 772 497 interuallo
795 433 979 496 leniantur!
1049 451 1080 510 3.
1108 433 1254 515 suscipit
1291 439 1294 444 '

196 540 316 604 Ceres:
343 539 425 601 ‘tuis
449 537 582 620 quidem
607 537 789 600 lacrimosis
806 537 961 619 precibus
980 546 1013 601 et
1032 557 1254 600 commoueor

196 627 229 705 et
256 642 409 724 opitulari
435 641 543 723 cupio,
561 641 620 704 sed
646 651 809 723 cognatae
833 661 935 717 meae,
953 661 1029 704 cum
1053 662 1120 723 qua
1146 642 1252 705 etiam

194 746 313 809 foedus
326 746 498 827 antiquum
512 745 674 808 amicitiae
687 745 768 821 colo,
782 744 890 809 bonae
902 754 1076 828 praeterea
1088 746 1251 822 feminae,

157 881 171 928 5
195 850 316 911 malam
336 849 477 930 gratiam
499 847 609 911 subire
629 868 768 930 nequeo,
824 849 949 911 decede
972 848 1084 931 itaque
1108 850 1153 912 de
1177 849 1253 913 istis

195 953 333 1016 aedibus
360 952 519 1034 protinus,
548 962 581 1014 et
608 952 697 1034 quod
727 972 747 1014 a
774 971 826 1014 me
853 961 983 1014 retenta
1012 962 1086 1016 cust
1073 953 1159 1017 todit
1146 963 1253 1087 taque

196 1077 261 1119 non
286 1057 402 1132 fueris,
415 1066 473 1137 opt
474 1056 531 1119 imi
554 1055 709 1118 consule!

239 1170 354 1222 contra
376 1180 469 1242 spem
492 1180 585 1222 suam
610 1160 743 1241 repulsa
766 1161 894 1245 Psyche
918 1170 951 1225 et
974 1161 1096 1224 afflicta
1119 1162 1254 1243 duplici

195 1264 368 1339 maestitia,
392 1264 455 1325 iter
477 1273 656 1326 retrorsum
680 1264 863 1345 porrigens
887 1264 974 1327 inter
997 1265 1145 1328 subsitae
1172 1286 1255 1330 con-

146 1400 173 1432 10
195 1368 291 1430 uallis
308 1367 516 1430 sublucidum
533 1367 643 1430 lucum
660 1367 819 1449 prospicit
837 1369 955 1430 fanum
974 1368 1099 1432 sollerti
1118 1369 1255 1434 fabrica

196 1482 366 1548 structum,
399 1492 461 1535 nec
492 1471 592 1533 ullam
623 1471 678 1534 uel
708 1471 842 1534 dubiam
873 1472 946 1554 spei
977 1472 1121 1535 melioris
1157 1474 1254 1537 uiam

195 1576 311 1638 uolens
342 1576 492 1638 omittere
523 1576 582 1638 sed
617 1575 707 1638 adire
741 1576 979 1658 cuiuscumque
1013 1575 1067 1639 dei
1100 1578 1252 1655 ueniam,

196 1679 333 1742 sacratis
355 1678 481 1741 foribus
503 1679 674 1761 proximat.
721 1679 813 1742 uidet
836 1679 923 1742 dona
946 1680 1091 1761 pretiosa
1114 1690 1150 1745 et
1174 1682 1256 1745 laci·

196 1783 268 1844 nias
290 1803 369 1845 auro
388 1782 549 1845 litteratas
568 1783 668 1844 ramis
687 1771 840 1846 arborum
863 1783 1080 1865 postibusque
1099 1784 1253 1862 suffian,

145 1916 172 1963 15
196 1907 282 1968 quae
310 1906 386 1949 cum
413 1885 519 1966 gratia
546 1886 627 1948 iacti
652 1907 774 1949 nomeu
798 1887 881 1949 deae
903 1887 957 1950 cui
980 1887 1113 1949 fuerant
1137 1888 1256 1952 dicata

196 1990 412 2052 testabantur.
473 2000 553 2052 tunc
587 2010 677 2071 genu
710 1990 787 2052 nixa
820 2000 854 2052 et
887 1989 1040 2052 manibus
1076 2011 1168 2053 aram
1208 2003 1256 2056 te·

197 2077 332 2175 pentem
356 2094 507 2174 amplexa
531 2093 670 2156 detersis
694 2105 772 2156 ante
796 2093 938 2156 lacrimis
959 2094 1006 2157 sic
1027 2094 1253 2176 adprecatur:

197 2217 229 2273 4.
260 2197 388 2279 ‘magni
419 2197 509 2260 Iouis
540 2218 698 2278 germana
731 2206 765 2260 et
794 2197 945 2279 coniuga‚
974 2197 1045 2260 siue
1075 2207 1111 2259 tu
1145 2200 1253 2276 Sami,

197 2319 282 2383 quae
303 2300 419 2382 gerula
440 2310 535 2382 partu
558 2301 740 2384 uagituque
762 2311 796 2364 et
818 2300 972 2364 alimonia
995 2310 1053 2364 tua
1075 2302 1253 2383 gloriatur,

144 2432 174 2464 ιο
196 2414 291 2466 tenes
311 2414 442 2467 uetusta
461 2403 617 2481 delubra;
642 2405 712 2467 siue
734 2405 842 2467 celsae
864 2405 1086 2486 Carthaginis,
1104 2427 1195 2488 quae
1220 2418 1255 2472 te

197 2508 360 2589 uirginem
391 2518 527 2572 uectura
557 2509 663 2572 leonis
693 2509 786 2572 caelo
820 2519 1062 2573 commeantem
1098 2512 1253 2592 percolit,

196 2611 312 2674 beatas
335 2612 431 2674 sedes
454 2613 664 2694 frequentas;
696 2613 767 2675 siue
794 2632 898 2694 prope
925 2612 1015 2694 ripas
1039 2613 1167 2691 Inachi,
1196 2617 1256 2699 qui

196 2715 316 2778 teiam
336 2725 475 2797 nuptam
497 2716 660 2779 Tonantis
683 2726 717 2779 et
739 2716 889 2797 reginam
913 2716 1050 2779 dearum
1073 2731 1254 2798 memorat,

197 2818 317 2882 inclitis
340 2819 542 2900 Argiuorum
566 2819 736 2901 praesides
759 2820 950 2897 moenibus;
982 2840 1082 2902 quam
1106 2834 1256 2888 cunctus

144 2951 173 2998 ας
198 2923 306 2986 oriens
334 2922 473 3006 Zygiam
500 2934 686 3000 ueneratur,
711 2934 745 2987 et
771 2923 878 2987 omnis
901 2923 1057 2987 occidens
1083 2925 1256 2991 Lucinam

198 3027 364 3108 appellat:
395 3027 439 3088 sis
463 3027 545 3090 meis
570 3027 725 3090 extremis
749 3027 880 3091 casibus
907 3029 991 3090 Iuno
1016 3028 1159 3109 Sospita,
1186 3052 1258 3096 me-

199 3150 262 3212 que
285 3130 318 3192 in
338 3130 439 3193 tantis
461 3131 636 3194 exantlatis
659 3131 826 3195 laboribus
849 3133 1019 3194 defessam
1043 3131 1258 3201 imminentis

199 3233 337 3315 periculi
358 3243 447 3296 metu
471 3235 581 3297 libera.
629 3236 718 3317 quod
743 3235 854 3311 sciam,
872 3236 959 3299 soles
982 3238 1258 3319 praegnantibus

199 3337 460 3419 periclitantibus
481 3338 566 3401 ultro
589 3337 785 3401 subuenire’
833 3339 875 3402 ad
896 3339 995 3402 istum
1016 3339 1153 3402 modum
1175 3363 1259 3428 sup

144 3471 176 3518 30
200 3440 334 3523 plicanti
350 3440 459 3503 statim
477 3461 550 3504 sese
567 3442 652 3504 luno
668 3462 743 3505 cum
760 3442 860 3505 totius
876 3443 928 3504 sui
943 3442 1087 3505 numinis
1103 3457 1261 3525 augusta

199 3543 361 3625 dignitate
385 3554 584 3624 praesentat,
603 3555 636 3606 et
655 3545 814 3626 protinus
834 3550 952 3628 ‘quam
972 3544 1111 3620 uellem,’
1130 3547 1259 3632 inquit,

201 3654 279 3733 ‘per
305 3648 405 3710 fidem
432 3658 549 3713 nutum
577 3667 686 3711 meum
710 3648 864 3733 precibus
887 3649 953 3717 tuis
975 3651 1260 3722 accommodare!
