2684 4094
594 269 729 319 sannen
1154 279 1215 352 129

162 428 230 490 lum
246 427 280 490 in
297 448 357 490 suo
371 427 564 509 sterquilino
582 426 760 508 plurimum
776 449 885 510 posse.
924 429 1037 511 itaque
1050 420 1212 513 quantum

161 531 310 612 intellegi
333 532 449 612 potuit,
475 532 557 593 haec
581 531 673 594 uisus
697 542 747 594 est
770 533 900 597 dicere:
933 539 1015 614 ‘ego
1038 547 1081 610 te,
1106 535 1213 597 fortis-

162 635 244 698 sime
271 636 407 698 deorum
437 635 593 710 Hercule,
622 636 756 716 speraui
786 636 867 698 mihi
898 637 1090 700 adfuturum
1122 640 1212 720 apud

161 738 251 813 alios,
276 749 309 802 et
333 740 361 801 si
383 739 439 821 qui
463 760 483 802 a
506 759 559 802 me
583 749 734 802 notorem
758 740 905 821 petisset,
930 750 963 804 te
990 741 1040 803 fui
1066 743 1213 805 nomina-

121 869 136 918 5
160 852 263 919 turus,
286 843 342 925 qui
365 863 418 906 me
442 844 566 924 optime
590 843 686 906 nosti.
743 865 820 906 nam
844 844 872 907 si
896 845 1054 908 memoria
1077 847 1210 927 repetis,

160 966 223 1027 ego
246 967 336 1010 eram
360 947 417 1029 qui
439 947 555 1010 Tiburi
578 958 655 1010 ante
678 949 840 1030 templum
864 958 958 1011 tuum
981 949 1032 1012 ius
1059 949 1210 1012 dicebam

159 1051 237 1113 totis
256 1051 373 1114 diebus
394 1072 508 1114 mense
531 1051 616 1114 Iulio
635 1062 668 1114 et
688 1053 853 1133 Augusto.
900 1061 937 1116 tu
957 1053 1031 1128 scis,
1049 1042 1210 1135 quantum

161 1154 224 1217 illic
248 1155 455 1217 miseriarum
478 1154 621 1230 tulerim,
642 1176 717 1218 cum
741 1155 926 1221 causidicos
950 1156 1099 1220 audirem
1123 1157 1210 1220 diem

160 1268 193 1321 et
216 1269 357 1333 noctem,
382 1259 416 1321 in
440 1280 523 1340 quos
547 1259 575 1321 si
597 1259 780 1336 incidisses,
806 1260 903 1323 ualde
926 1260 1023 1324 fortis
1048 1261 1125 1323 licet
1151 1261 1211 1324 tibi

109 1391 137 1424 10
160 1362 312 1438 uidearis,
330 1363 504 1426 maluisses
520 1363 651 1428 cloacas
668 1363 811 1445 Augeae
827 1384 990 1446 purgare:
1015 1364 1118 1427 multo
1135 1357 1210 1446 plus

160 1485 223 1546 ego
239 1466 393 1531 stercoris
410 1466 556 1530 exhausi.
604 1467 837 1549 sedquoniam
855 1466 949 1531 uolo'

160 1677 191 1740 8.
218 1681 303 1738 ‘non
327 1675 446 1738 mirum
469 1675 558 1757 quod
580 1675 614 1738 in
638 1676 762 1740 curiam
786 1676 948 1758 impetum
971 1677 1111 1757 fecistis
1127 1678 1210 1740 nihil

157 1769 219 1841 tibi
244 1779 348 1841 clausi
372 1788 431 1842 est.
485 1780 584 1842 modo
609 1779 662 1842 dic
690 1780 796 1856 nobis,
821 1782 954 1862 qualem
982 1781 1081 1844 deum
1108 1781 1209 1844 istum

159 1883 229 1946 fieri
241 1884 332 1946 uelis
378 1879 598 1965 Ἐπικούρειος
614 1877 682 1947 θεὸς
699 1904 766 1949 non
782 1894 894 1966 potest
910 1905 1003 1957 esse:
1027 1881 1099 1946 οὔτε
1114 1880 1209 1949 αὐτὸς

108 2015 134 2062 15
158 1982 324 2068 πράγματ’
345 1983 413 2070 ἔχει
436 1983 508 2048 οὔτε
530 1984 647 2051 ἄλλοις
670 1984 830 2071 παρέχει,·
860 1988 1014 2052 Stoicus?
1042 1990 1209 2070 quomodo

158 2100 268 2172 potest
285 2091 476 2154 “rotundus
487 2091 506 2117 ’'
523 2111 606 2167 esse,
624 2101 660 2154 ut
681 2092 727 2154 ait
741 2094 858 2168 Varro,
877 2092 977 2157 “sine
1000 2093 1119 2174 capite,
1136 2093 1208 2155 sine

158 2195 381 2276 praeputio”?
413 2204 464 2258 est
490 2195 614 2277 aliquid
638 2195 673 2259 in
700 2195 756 2259 illo
784 2196 888 2260 Stoici
913 2196 976 2272 dei,
1000 2196 1067 2259 iam
1091 2196 1208 2260 uideo:

158 2318 219 2361 nec
249 2319 306 2362 cor
336 2319 399 2363 nec
429 2309 531 2381 caput
562 2300 672 2363 habet.
719 2300 748 2363 si
778 2300 986 2364 mehercules
1017 2321 1036 2363 a
1062 2301 1207 2364 Saturno

158 2402 296 2484 petisset
319 2404 382 2466 hoc
405 2403 612 2480 beneficium,
632 2404 726 2467 cuius
749 2424 899 2468 mensem
921 2414 992 2468 toto
1015 2425 1104 2468 anno
1127 2405 1209 2468 cele-

105 2538 134 2570 ω
156 2506 265 2569 brauit
289 2507 529 2572 Saturnalicius
552 2507 717 2590 princeps,
735 2529 803 2571 non
825 2508 955 2572 tulisset
977 2508 1067 2584 illud,
1084 2509 1208 2571 nedum

157 2610 199 2672 ab
224 2610 314 2686 Ioue,
338 2631 437 2692 quem
460 2620 622 2693 quantum
645 2612 779 2694 quidem
802 2612 836 2675 in
859 2612 916 2675 illo
938 2612 1011 2688 fuit,
1036 2612 1208 2675 damnauit

156 2714 283 2776 incesti.
331 2714 482 2778 Silanum
498 2715 587 2778 enim
603 2736 764 2796 generum
781 2737 878 2779 suum
894 2716 1016 2779 occidit
1031 2725 1208 2798 propterea

157 2818 246 2900 quod
270 2838 416 2881 sororem
440 2839 544 2895 suam,
566 2819 816 2882 testiuissimam
839 2820 987 2883 omnium
1011 2820 1206 2902 puellarum,

157 2942 257 3004 quam
275 2942 391 2986 omnes
402 2924 571 2987 Venerem
584 2933 750 2999 uocarent,
765 2924 881 2986 maluit
897 2925 1060 2987 Iunonem
1076 2944 1205 2986 uocare.

104 3054 133 3103 ²5
158 3031 176 3058 “
187 3027 316 3108 quare''
333 3027 440 3109 inquit
457 3033 610 3110 “quaero
626 3029 725 3104 enim,
743 3049 890 3091 sororem
906 3029 1024 3092 suam?
1036 3029 1053 3053 ”
1096 3029 1206 3102 stulte,

157 3131 273 3194 stude:
311 3131 456 3194 Athenis
492 3132 665 3194 dimidium
702 3132 788 3209 licet,
825 3132 1050 3196 Alexandriae
1089 3142 1205 3195 totum.

159 3233 266 3316 “quia
297 3235 453 3299 Romae”
485 3235 595 3317 inquis
627 3242 766 3299 “mures
796 3237 901 3299 molas
935 3236 1096 3316 lingunt.'’
1154 3235 1207 3297 hic

157 3337 253 3401 nobis
269 3358 371 3401 curua
387 3339 552 3420 corriget?
571 3339 651 3421 quid
667 3340 701 3402 in
718 3340 869 3403 cubiculo
886 3361 946 3403 suo
962 3340 1073 3413 faciat,
1091 3339 1206 3412 nescit,

156 3451 190 3504 et
205 3441 271 3504 iam
289 3442 401 3507 “caeli
417 3452 582 3505 scrutatur
599 3444 766 3524 plagas”?
791 3444 874 3506 deus
890 3443 960 3505 fieri
976 3442 1065 3505 uult:
1090 3462 1208 3524 parum

46 3527 48 3531 Α
103 3575 134 3621 3ο
156 3554 208 3608 est
224 3546 312 3628 quod
328 3546 490 3627 templum
506 3547 540 3608 in
558 3546 729 3609 Britannia
746 3547 856 3622 habet,
870 3547 960 3629 quod
977 3547 1064 3609 hunc
1076 3544 1209 3608 barbari

156 3650 269 3712 colunt
285 3659 319 3711 et
335 3658 371 3711 ut
387 3649 485 3712 deum
503 3660 598 3713 orant
614 3648 721 3732 μωροῦ
735 3644 884 3713 εὐιλάτου
899 3650 1010 3733 τυχεῖν
1020 3647 1049 3712 ?’

235 3762 310 3800 nmo.
323 3762 440 3814 sun-9
