2684 4094
400 264 609 314 FRAGMENTS
632 264 678 314 OF
700 264 827 314 ROMAN
850 264 975 314 SATIRE

187 422 221 485 in
247 422 350 485 hortis
374 422 594 503 Pompeianis,
615 431 723 485 ortum
747 443 787 485 ex
811 422 949 485 aedibus
975 424 1100 486 Nastae
1127 423 1241 486 uilici.'

189 526 319 608 ‘quid?’
336 526 443 608 inquit
458 525 660 588 Trimalchio
679 527 827 608 ‘quando
844 526 923 588 mihi
941 526 1135 608 Pompeiani
1152 527 1242 590 horti

187 629 291 711 empti
312 629 424 693 sunt?’
473 636 578 693 ‘anno
599 629 724 711 priore'
742 629 849 711 inquit
865 629 1031 692 actuarius
1049 636 1098 693 ‘et
1113 630 1189 693 ideo
1207 630 1241 693 in

187 734 348 797 rationem
375 735 523 797 nondum
549 735 731 796 uenerunt’
779 733 956 796 excanduit
979 733 1182 796 Trimalchio
1207 745 1241 798 et

150 867 163 913 5
189 839 407 920 ‘quicunque'
425 837 532 919 inquit
549 837 647 899 ‘mihi
668 837 764 899 fundi
785 836 889 918 empti
912 837 1046 913 fuerint,
1064 837 1127 900 nisi
1151 837 1241 901 intra

188 951 315 1004 sextum
340 961 489 1005 mensem
513 941 627 1017 sciero,
645 940 678 1003 in
695 940 840 1004 rationes
860 961 952 1004 meas
976 941 1091 1003 inferri
1114 945 1239 1004 uetu0.'

186 1045 252 1107 iam
276 1045 376 1108 etiam
399 1044 507 1108 edicta
531 1044 686 1107 aedilium
710 1044 934 1107 recitabantur
953 1054 986 1108 et
1005 1044 1240 1108 saltuariorum

187 1158 395 1225 testamenta,
417 1148 536 1231 quibus
559 1148 761 1211 Trimalchio
785 1169 860 1211 cum
884 1148 993 1230 elogio
1017 1149 1241 1212 exheredaba·

186 1261 255 1329 tur3
287 1253 353 1314 iam
380 1252 515 1315 nomina
545 1251 734 1328 uilicorum;
768 1261 801 1314 et
831 1252 1006 1334 repudiata
1036 1273 1056 1314 a
1086 1252 1240 1316 circitore

136 1389 164 1422 10
186 1356 303 1419 liberta
326 1356 359 1418 in
382 1355 583 1419 balneatoris
604 1356 822 1419 contubernio
845 1357 1055 1438 deprehensa
1070 1366 1103 1419 et
1120 1356 1240 1420 atrien-

186 1460 231 1523 sis
249 1460 347 1523 Baias
363 1460 547 1542 relegatus3
572 1459 637 1522 iam
653 1481 730 1523 reus
751 1461 862 1523 factus
882 1460 1092 1542 dispensator
1108 1471 1141 1523 et
1157 1460 1240 1523 iudi:

186 1565 273 1627 cium
290 1564 375 1628 inter
391 1563 610 1628 cubicularios
626 1574 746 1626 actum.
1011 1562 1014 1568 ’

229 1668 451 1750 petauristarii
467 1676 578 1730 autem
594 1668 730 1730 tandem
747 1677 917 1730 uenerunt.
964 1668 1046 1731 baro
1061 1667 1239 1731 insulsissi-

186 1793 260 1835 mus
276 1793 350 1835 cum
368 1771 465 1834 scalis
481 1771 629 1834 constitit
645 1791 851 1854 puerumque
868 1771 962 1834 iussit
981 1792 1041 1853 per
1062 1771 1186 1853 gradus
1203 1784 1238 1835 et

135 1908 161 1954 ις
185 1876 219 1938 in
236 1897 365 1939 summa
387 1884 481 1957 parte
502 1875 615 1937 odaria
631 1874 760 1951 saltare,
778 1876 918 1938 circulos
937 1875 1057 1938 deinde
1079 1876 1237 1939 ardentes

185 1979 349 2042 transilire
376 1989 409 2042 et
436 1977 591 2041 dentibus
615 1980 811 2060 amphoram
834 1980 1006 2043 sustinere.
1053 1981 1237 2044 mirabatur

147 2122 150 2127 Α
186 2085 268 2146 haec
296 2085 386 2146 solus
413 2082 616 2145 Trimalchio
642 2082 840 2165 dicebatque
867 2083 1034 2164 ingratum
1060 2084 1235 2147 artificium

185 2208 267 2250 esse.
314 2197 461 2251 ceterum
485 2186 550 2248 duo
571 2206 644 2249 esse
667 2186 702 2248 in
720 2187 819 2249 rebus
843 2187 1006 2261 humanis,
1025 2208 1110 2270 quae
1133 2188 1236 2251 liben-

184 2291 309 2354 tissime
337 2300 512 2372 spectaret,
541 2289 790 2371 petauristarios
817 2301 851 2354 et
877 2291 1079 2368 cornicines;
1099 2288 1235 2374 ‘reliqua

132 2428 161 2459 20
188 2392 377 2479 [animalia]
410 2403 598 2456 acroamata
622 2393 722 2457 tricas
749 2415 857 2457 meras
880 2415 986 2458 esse·
1011 2401 1103 2458 ‘nam
1126 2405 1159 2458 et
1182 2416 1235 2458 co-

184 2500 337 2562 moedos'
370 2498 477 2580 inquit
508 2503 680 2574 ‘emeram
709 2499 768 2560 sed
799 2499 900 2561 malui
929 2499 1002 2561 illos
1027 2499 1233 2562 Atellaniam

183 2604 304 2678 iacere,
327 2613 360 2665 et
383 2600 568 2676 choraulen
586 2622 704 2664 meum.
719 2602 800 2664 iussi
824 2603 944 2665 Latine
967 2604 1123 2665 cantare’

226 2725 280 2786 54.
307 2727 381 2769 cum
410 2705 550 2767 maxime
578 2706 660 2768 haec
687 2705 818 2769 dicente
846 2705 930 2769 Gaio
957 2727 1040 2787 puer
1127 2753 1128 2756 η

182 2806 437 2878 Trimalchionis
464 2809 621 2890 delapsus
649 2819 708 2872 est.
755 2809 975 2872 conclamauit
1006 2810 1140 2887 familia,
1169 2831 1232 2874 nec

130 2946 158 2992 ας
183 2915 292 2977 minus
315 2913 486 2988 conuiuae,
512 2933 579 2976 non
611 2923 748 2994 propter
777 2914 945 2976 hominem
972 2925 1040 2976 tam
1068 2914 1230 2996 putidum,

182 3019 275 3081 cuius
291 3027 324 3080 et
343 3016 490 3080 ceruices
513 3017 636 3080 fractas
660 3016 801 3080 libenter
824 3016 994 3093 uidissent,
1012 3018 1071 3080 sed
1094 3029 1232 3099 propter

151 3153 154 3160 .
182 3123 305 3184 malum
326 3121 448 3195 exitum
465 3140 577 3195 cenae,
595 3141 636 3183 ne
652 3141 790 3183 necesse
812 3120 973 3184 haberent
989 3121 1132 3184 alienum
1149 3143 1232 3185 mor-

181 3237 274 3289 tuum
292 3226 431 3307 plorare.
479 3224 551 3305 ipse
567 3223 769 3287 Trimalchio
786 3245 861 3288 cum
886 3225 1031 3306 grauiter
1054 3226 1231 3307 ingemuis-

181 3341 232 3393 set
262 3349 429 3411 superque
459 3328 631 3391 brachium
662 3338 821 3410 tanquam
857 3329 983 3391 laesum
1007 3329 1229 3406 incubuisset,

128 3465 157 3511 30
180 3453 377 3498 concurrere
404 3422 531 3507 medici,
557 3441 589 3494 et
615 3431 702 3494 inter
728 3433 851 3513 primos
877 3434 1061 3495 Fortunata
1084 3434 1231 3499 crinibus

143 3586 146 3591 «
180 3537 287 3620 passis
307 3558 381 3600 cum
402 3536 537 3619 scyph0,
557 3534 776 3617 miseramque
793 3555 828 3598 se
844 3545 943 3616 atque
966 3535 1134 3599 infelicem
1159 3559 1230 3619 pro

180 3641 343 3706 clamauit.
391 3661 468 3702 nam
493 3660 575 3721 puer
598 3639 740 3720 quidem,
761 3639 818 3720 qui
841 3639 1013 3715 ceciderat,
1036 3640 1231 3706 circumibat
