2684 4094
151 254 211 316 160
411 260 622 310 rxxonaurs
645 259 691 310 or
714 260 840 312 aonxu
864 261 989 311 sarrae

199 418 362 482 titubante
389 427 423 480 et
450 417 582 498 saepius
610 417 805 481 uaccillante
837 419 977 499 uestigio
1009 419 1121 502 deque
1153 421 1260 484 nimio

200 522 324 604 pallore
357 521 504 602 corporis
535 531 568 583 et
599 521 731 584 assiduo
763 522 941 604 suspiratu,
974 522 1075 586 immo
1107 533 1143 586 et
1174 524 1260 606 ipsis

199 625 422 688 maerentibus
454 624 557 687 oculis
587 624 661 700 tuis,
694 645 806 688 amore
836 625 938 689 nimio
970 625 1110 689 laboras.
1173 649 1258 710 ergo

199 729 280 791 mihi
301 728 458 803 ausculta,
476 748 538 791 nec
558 739 590 790 te
610 749 723 791 rursus
748 729 943 810 praecipitio
967 731 1020 792 uel
1045 731 1113 794 ullo
1138 734 1258 796 mortis

160 863 175 910 5
199 833 359 896 accersito
386 842 419 894 te
446 851 569 912 genere
597 832 749 912 perimas.
808 833 932 895 luctum
960 835 1075 897 desine
1101 846 1138 898 et
1166 858 1258 918 pone

199 957 382 1000 maerorem
401 936 621 1018 precibusque
641 937 751 1017 potius
771 937 969 1017 Cupidinem
992 939 1131 1002 deorum
1155 942 1259 1003 maxi-

199 1062 289 1103 mum
306 1040 447 1122 percole,
464 1050 506 1114 et,
520 1049 636 1121 utpote
653 1040 902 1104 adulescentem
918 1041 1095 1105 delicatum
1112 1044 1258 1109 luxurio-

199 1165 348 1227 sumque,
364 1144 494 1206 blandis
511 1142 677 1225 obsequiis
696 1144 904 1224 promerere.’

243 1252 296 1314 26.
322 1250 369 1312 sic
390 1249 500 1310 locuto
522 1248 584 1310 deo
606 1258 739 1329 pastore
763 1249 920 1331 nulloque
944 1271 1097 1313 sermone
1121 1253 1258 1316 reddito

147 1382 176 1415 10
199 1354 257 1417 sed
276 1353 413 1416 adorato
431 1361 561 1414 tantum
585 1351 721 1413 numine
745 1353 882 1415 salutari
906 1354 1035 1438 Psyche
1060 1356 1172 1436 pergit
1197 1358 1257 1421 ire.

199 1456 258 1521 sed
281 1508 287 1521 .
314 1507 320 1519 .
346 1507 353 1519 .
378 1456 523 1539 aliquam
542 1455 683 1517 multum
703 1455 778 1518 uiae
796 1455 960 1520 laboranti
979 1458 1121 1539 uestigio
1145 1481 1259 1541 perer-

199 1571 313 1637 rasset,
339 1561 442 1624 inscio
466 1560 610 1642 quodam
634 1559 767 1622 tramite
790 1560 854 1622 iam
883 1560 936 1623 die
964 1560 1096 1624 labente
1123 1566 1259 1628 accedit

200 1666 366 1748 quandam
383 1665 551 1728 ciuitatem
568 1664 601 1725 in
618 1684 683 1745 qua
699 1684 839 1745 regnum
856 1664 993 1727 maritus
1012 1665 1110 1728 unius
1131 1670 1260 1732 sororis

199 1769 270 1832 eius
293 1769 474 1850 optinebat.
526 1788 591 1850 qua
617 1788 651 1830 re
677 1767 812 1849 cognita
836 1768 965 1852 Psyche
990 1769 1136 1832 nuntiari
1163 1793 1261 1853 prae-

148 1901 175 1948 15
200 1873 340 1935 sentiam
372 1893 465 1934 suam
497 1871 600 1934 sorori
631 1871 807 1934 desiderat.
854 1892 931 1934 mox
961 1871 1097 1935 inducta
1130 1878 1260 1939 mutuis

200 1976 406 2057 amplexibus
440 1975 587 2037 alternae
623 1975 830 2038 salutationis
864 1975 1005 2056 expletis
1040 1981 1261 2057 percontanti

200 2099 317 2142 causas
341 2080 505 2142 aduentus
529 2078 579 2140 sui
603 2077 649 2140 sic
673 2078 807 2159 incipit:

245 2183 442 2245 ‘meministi
463 2182 636 2245 consilium
654 2192 811 2257 uestrum,
836 2183 962 2246 scilicet
985 2204 1050 2266 quo
1074 2185 1158 2247 mihi
1183 2207 1261 2250 sua-

200 2288 288 2350 sistis
314 2297 349 2350 ut
375 2287 516 2349 bestiam
544 2306 629 2368 quae
657 2285 766 2348 mariti
793 2287 932 2349 mentito
959 2287 1093 2350 nomine
1121 2309 1259 2354 mecum

147 2421 176 2453 ω
200 2390 400 2474 quiescebat,
419 2391 611 2473 priusquam
628 2389 776 2471 ingluuie
792 2389 905 2452 uoraci
920 2410 974 2452 me
991 2391 1155 2453 misellam
1176 2395 1261 2458 hau·
1301 2440 1308 2452 .

200 2494 286 2571 riret,
311 2494 448 2576 ancipiti
472 2494 635 2556 nouacula
660 2493 866 2575 perimerem.
914 2494 973 2556 sed
996 2515 1072 2558 cum
1097 2496 1258 2576 primum,

199 2609 236 2662 ut
259 2619 363 2681 aeque
388 2598 567 2679 placuerat,
590 2597 723 2660 conscio
747 2596 872 2659 lumine
896 2598 1008 2660 uultus
1031 2598 1102 2660 eius
1126 2603 1258 2681 aspexi,

200 2702 297 2766 uideo
322 2703 440 2765 mirum
468 2701 684 2783 diuinumque
713 2721 848 2782 prorsus
876 2701 1113 2782 spectaculum,
1142 2703 1259 2784 ipsum

175 2863 177 2865 ,
199 2807 291 2869 illum
318 2808 401 2869 deae
424 2805 566 2869 Veneris
594 2805 706 2880 filium,
734 2805 852 2885 ipsum,
878 2804 1024 2886 inquam,
1052 2805 1259 2886 Cupidinem

147 2941 175 2987 25
199 2910 265 2973 leni
281 2910 391 2993 quiete
408 2910 562 2991 sopitum.
610 2928 648 2971 ac
668 2909 747 2971 dum
768 2908 852 2970 tanti
872 2907 951 2971 boni
970 2910 1164 2990 spectaculo
1184 2932 1261 2992 per-

200 3015 264 3077 cita
280 3024 313 3078 et
329 3013 430 3076 nimia
446 3012 628 3094 uoluptatis
644 3012 740 3093 copia
761 3011 892 3074 turbata
912 3012 1045 3074 fruendi
1066 3012 1259 3079 laborarem

200 3118 320 3200 inopia,
338 3139 418 3180 casu
438 3117 563 3180 scilicet
582 3136 739 3198 pessumo
759 3115 895 3178 lucerna
916 3115 1052 3178 feruens
1074 3116 1186 3179 oleum
1210 3140 1261 3182 re-

199 3222 328 3285 bulliuit
341 3222 373 3284 in
388 3222 458 3284 eius
472 3241 632 3282 umerum.
673 3240 738 3301 quo
754 3218 868 3281 dolore
884 3219 995 3281 statim
1012 3239 1130 3282 somno
1145 3240 1261 3286 recus-

200 3347 265 3402 sus,
280 3326 336 3388 ubi
349 3346 402 3387 me
414 3326 502 3387 ferro
517 3333 549 3386 et
565 3323 633 3404 igni
650 3322 823 3403 conspexit
839 3331 1009 3398 armatam,
1025 3327 1079 3385 ‘tu
1096 3323 1259 3404 quidem,'

147 3460 177 3505 30
200 3430 314 3512 inquit,
334 3429 394 3492 ‘ob
413 3428 501 3491 istud
521 3437 589 3489 tam
609 3427 716 3488 dirum
736 3426 867 3488 facinus
886 3425 1063 3489 confestim
1084 3434 1158 3490 toro
1180 3449 1261 3496 meo

200 3533 328 3596 diuortc
341 3533 467 3614 tibique
480 3552 533 3594 res
545 3541 620 3593 tuas
634 3530 763 3592 habeto.
807 3549 870 3610 ego
883 3549 962 3592 uero
975 3549 1122 3592 sororem
1138 3537 1261 3612 tuam,’

199 3647 287 3696 -et
307 3656 438 3711 nomen,
460 3656 525 3717 quo
548 3644 584 3696 tu
609 3634 763 3709 censeris,
785 3632 1051 3708 aiebat—‘iam
1075 3633 1156 3696 mihi
1180 3656 1264 3701 con-
