2684 4094
115 259 155 322 82
380 266 590 316 FRAGMENTS
612 266 658 315 OF
680 266 808 315 ROMAN
830 266 956 316 SATIRE

167 421 388 505 agnoscimus,
406 432 439 486 et
456 442 559 504 paruo
576 442 652 485 aere
668 442 864 504 recuperare
883 422 994 505 potius
1012 424 1218 500 thesaurum,

167 548 267 611 quam
284 527 317 591 in
334 526 525 608 ambiguam
541 525 632 589 litem
650 526 873 590 descendere:

254 681 333 764 quid
349 681 476 745 faciant
492 680 593 762 leges,
611 680 667 743 ubi
684 680 753 745 sola
770 681 913 762 pecunia
929 691 1056 763 regnat,

298 795 355 849 aut
372 785 429 848 ubi
445 795 625 867 paupertas
642 785 776 847 uincere
792 785 883 848 nulla
899 786 1029 867 potest?

130 920 145 969 5
254 889 319 972 ipsi
335 888 391 971 qui
408 888 534 973 Cynica
549 888 727 951 traducunt
742 899 894 970 tempora
911 909 999 971 pera,

298 1013 365 1056 non
382 1012 554 1074 nunquam
570 992 714 1054 nummis
731 992 876 1055 uendere
892 1013 971 1056 uera
988 993 1103 1057 solent.

255 1116 336 1178 ergo
352 1095 508 1158 iudicium
524 1095 606 1158 nihil
621 1105 672 1158 est
688 1095 752 1158 nisi
768 1096 902 1177 publica
918 1117 1054 1173 merceS,

299 1209 398 1282 atque
414 1219 517 1282 eques
533 1198 566 1261 in
583 1202 684 1263 causa
700 1199 757 1282 qui
772 1199 876 1276 sedet,
894 1210 1008 1283 empta
1024 1201 1162 1283 probat.’

212 1358 272 1422 sed
295 1367 428 1440 praeter
451 1377 553 1419 unum
581 1356 785 1438 dipondium,
812 1378 878 1439 quo
908 1358 994 1421 cicer
1021 1358 1219 1442 lupinosque

118 1486 146 1519 10
169 1462 455 1525 destinaueramus
479 1461 627 1536 mercari,
652 1461 733 1523 nihil
756 1461 799 1523 ad
822 1481 957 1524 manum
980 1473 1060 1525 erat.
1107 1463 1219 1545 itaque

141 1577 143 1582 ’
169 1586 212 1629 ne
228 1565 359 1629 interim
381 1565 506 1646 praeda
525 1564 718 1641 discederet,
737 1565 789 1627 uel
813 1565 948 1628 minoris
972 1561 1108 1647 pallium
1131 1567 1220 1629 addi-

170 1690 244 1734 cere
275 1668 400 1752 placuit
429 1678 463 1731 et
493 1667 636 1750 pretium
670 1668 802 1731 maioris
838 1669 1028 1750 compendii
1061 1669 1219 1733 leuiorem

170 1775 282 1837 iacere
309 1773 478 1836 iacturam.
526 1771 766 1861 cumprimum
792 1791 875 1853 ergo
898 1773 1115 1854 explicuimus
1138 1794 1220 1836 mer-

170 1898 252 1953 cem,
277 1877 394 1940 mulier
418 1886 535 1958 operto
562 1876 681 1958 capite,
706 1896 791 1958 quae
819 1896 893 1939 cum
921 1877 1044 1940 rustico
1072 1888 1218 1952 steterat,

119 2012 147 2059 15
171 1981 330 2063 inspectis
365 1980 557 2062 diligentius
592 1980 696 2061 signis
729 1979 841 2043 iniecit
875 1990 1049 2063 utramque
1081 1981 1220 2045 laciniae

172 2106 306 2148 manum
343 2104 531 2167 magnaque
568 2083 806 2146 uociferatione
843 2084 1025 2147 ‘latrones’
1068 2081 1216 2170 [tenere]

171 2189 334 2253 clamauit.
390 2198 506 2252 contra
532 2207 594 2251 nos
624 2187 818 2269 perturbati,
846 2207 889 2250 ne
921 2188 1110 2252 uideremur
1139 2190 1220 2252 nihil

172 2313 281 2375 agere,
313 2303 346 2356 et
379 2292 443 2374 ipsi
473 2292 610 2356 scissam
642 2300 676 2354 et
706 2291 872 2354 sordidam
904 2301 1019 2355 tenere
1049 2293 1220 2374 coepimus

171 2398 317 2461 tunicam
344 2392 445 2478 atque
472 2396 589 2459 eadem
614 2395 739 2458 inuidia
767 2396 981 2476 proclamare,
1006 2407 1120 2459 nostra
1147 2417 1221 2460 esse

120 2515 149 2566 ω·
172 2502 278 2583 spolia
294 2521 379 2584 quae
395 2500 441 2563 illi
459 2499 678 2582 possiderent.
726 2499 785 2562 sed
804 2499 895 2562 nullo
919 2519 1043 2580 genere
1066 2521 1127 2583 par
1150 2511 1221 2564 erat

172 2625 282 2680 causa,
310 2601 423 2689 [nam]
450 2614 484 2667 et
510 2603 663 2667 cociones
692 2602 748 2686 qui
778 2603 820 2665 ad
851 2603 1028 2667 clamorem
1060 2605 1223 2667 confluxe-

172 2719 256 2784 rant,
276 2718 424 2772 nostram
446 2707 571 2771 scilicet
592 2708 634 2770 de
654 2727 746 2770 more
769 2706 921 2770 ridebant
944 2707 1112 2784 inuidiam,
1133 2708 1222 2791 quod

173 2834 233 2895 pro
260 2813 316 2876 illa
342 2822 436 2896 parte
463 2810 678 2875 uindicabant
702 2810 973 2892 pretiosissimam
999 2822 1136 2888 uestem,
1161 2833 1222 2894 pro

173 2919 235 2980 hac
263 2917 463 2999 pannuciam
491 2936 533 2978 ne
560 2915 757 2978 centonibus
785 2914 919 2997 quidem
949 2915 1045 2978 bonis
1074 2915 1220 2997 dignam.

121 3033 149 3100 2'5
174 3021 251 3085 hinc
276 3021 435 3106 Ascyltos
461 3020 547 3083 bene
574 3019 675 3082 risum
703 3018 866 3094 discussit,
892 3019 948 3101 qui
975 3019 1105 3083 silentio
1133 3021 1222 3082 facto

176 3142 228 3205 15.
253 3125 436 3188 ‘uidemus’
450 3123 557 3205 inquit
570 3128 679 3186 ‘suam
693 3123 812 3205 cuique
825 3143 894 3186 rem
911 3143 985 3186 esse
1001 3123 1203 3186 carissimam
1215 3145 1221 3198 ;

174 3229 316 3293 reddant
332 3228 426 3292 nobis
442 3227 588 3291 tunicam
608 3237 756 3291 nostram
776 3236 809 3289 et
828 3227 966 3308 pallium
989 3248 1085 3290 suum
1109 3227 1224 3309 recipi-

174 3335 252 3396 ant.’
298 3332 361 3395 etsi
376 3331 499 3395 rustico
515 3330 711 3412 mulierique
728 3329 880 3411 placebat
899 3330 1108 3412 permutatio,
1125 3332 1224 3394 aduo-

175 3437 238 3500 cati
264 3446 374 3499 trmen
398 3437 464 3499 iam
488 3455 616 3517 poenae
641 3434 802 3509 nocturni,
827 3433 883 3517 qui
906 3434 1063 3498 uolebant
1088 3436 1224 3517 pallium

122 3572 152 3618 30
176 3542 256 3604 lucri
273 3542 392 3614 facere,
411 3539 608 3621 flagitabant
624 3538 672 3601 uti
688 3538 777 3620 apud
799 3558 834 3601 se
857 3548 997 3620 utraque
1021 3539 1225 3621 deponeren-

175 3655 229 3710 tur
255 3665 294 3708 ac
321 3653 456 3727 postero
478 3641 532 3707 die
555 3641 654 3706 iudex
676 3641 857 3724 querellam
880 3641 1068 3724 inspiceret.
1115 3663 1225 3724 neque
