2684 4094
155 235 216 312 176
416 246 628 297 rnxcuanrs
650 246 696 298 or
718 245 844 296 nonan
867 244 994 295 smmi:

204 400 369 484 pyxidem,
402 403 455 465 uel
490 402 625 466 omnino
659 401 792 467 diuinae
827 400 1068 465 formonsitatis
1107 399 1259 464 abditum

203 504 364 568 curiosius
387 507 625 569 thensaurum!

248 626 300 674 20.
334 609 380 673 sic
414 610 513 673 turris
547 609 602 672 illa
636 609 815 692 prospicua
850 608 1097 673 uaticinationis
1135 629 1259 672 munus

203 713 367 794 explicuit.
422 734 485 777 nec
508 724 636 777 morata
660 714 789 799 Psyche
813 712 923 797 pergit
945 713 1148 789 Taenarum,
1174 733 1260 776 sum-

165 817 335 899 sptisque
362 817 423 880 rite
451 817 592 898 stipibus
619 817 682 880 illis
709 828 742 880 et
769 816 883 881 offulis
910 816 1080 879 infernum
1110 816 1259 880 decurrit

203 931 358 996 meatum,
386 921 593 1003 transitoque
624 942 684 1003 per
710 920 878 984 silentium
909 919 1052 984 asinario
1083 919 1196 996 debili,
1226 931 1259 983 et

203 1025 333 1088 amnica
350 1025 435 1106 stipe
452 1025 578 1089 uectori
594 1025 681 1100 data,
699 1025 853 1106 neglecto
870 1023 1119 1106 supernatantis
1136 1024 1259 1087 mortui

202 1128 375 1205 desiderio,
392 1139 426 1192 et
442 1129 561 1210 spretis
583 1128 758 1192 textricum
777 1128 925 1192 subdolis
942 1127 1106 1210 precibus,
1123 1136 1160 1190 et
1175 1128 1259 1191 offu-

203 1232 254 1295 lae
267 1232 340 1295 cibo
354 1233 461 1314 sopita
477 1233 569 1296 canis
586 1232 752 1295 horrenda
768 1231 868 1307 rabie,
882 1231 1017 1295 domum
1035 1230 1258 1314 Proserpinae

150 1362 179 1397 ιο
203 1346 364 1417 penetrat.
415 1357 476 1400 nec
500 1336 674 1399 offerentis
697 1335 849 1417 hospitae
873 1336 976 1399 sedile
999 1335 1180 1398 delicatum
1204 1336 1258 1398 uel

203 1440 312 1503 cibum
339 1441 474 1503 beatum
498 1440 659 1521 amplexa,
685 1440 744 1503 sed
770 1449 848 1503 ante
872 1439 976 1521 pedes
999 1438 1071 1502 eius
1094 1438 1256 1514 residens,

203 1544 345 1620 humilis,
375 1543 498 1608 cibario
530 1564 616 1625 pane
647 1552 805 1607 contenta
835 1542 1014 1608 Veneriam
1046 1542 1185 1624 pertulit
1216 1544 1259 1606 le-

202 1648 381 1728 gationem.
437 1647 615 1729 statimque
643 1656 771 1711 secreto
802 1646 964 1728 repletam
995 1645 1258 1729 conclusamque

203 1752 358 1836 pyxidem
375 1751 522 1832 suscipit,
539 1761 573 1814 et
588 1750 712 1814 offulae
729 1750 899 1832 sequentis
922 1750 1041 1813 fraude
1064 1749 1194 1813 caninis
1216 1751 1259 1813 la·

151 1883 178 1930 ις
202 1856 342 1919 tratibus
366 1855 527 1919 obseratis
544 1855 741 1937 residuaque
758 1854 891 1917 navitae
906 1853 1037 1917 reddita
1053 1853 1139 1936 stipe
1157 1854 1258 1935 longe

202 1958 352 2040 vegetior
368 1960 409 2022 ab
426 1959 541 2022 inferis
555 1958 692 2022 recurrit
705 1967 738 2021 et
750 1957 893 2040 repetita
910 1967 1011 2040 atque
1026 1957 1167 2021 adorata
1182 1978 1259 2020 can-

203 2063 280 2126 dida
296 2064 358 2126 ista
374 2064 447 2126 luce
463 2083 665 2145 quamquam
682 2062 846 2126 festinans
863 2063 1060 2146 obsequium
1077 2063 1258 2147 terminare

202 2176 349 2230 mentem
373 2167 502 2248 capitur
522 2157 698 2230 temeraria
720 2166 918 2242 curiositate,
942 2176 975 2230 et
997 2166 1114 2243 ‘ecce,'
1137 2167 1257 2251 inquit,

204 2271 334 2353 ‘inepta
351 2291 414 2352 ego
434 2271 566 2333 divinae
589 2270 830 2334 formonsitatis
853 2271 969 2353 gerula
991 2291 1077 2355 quae
1100 2291 1164 2335 nec
1187 2281 1259 2334 tan-

149 2407 179 2438 20
201 2376 308 2438 tillum
330 2375 463 2456 quidem
487 2374 634 2437 indidem
658 2374 739 2436 mihi
762 2375 881 2450 delibo,
898 2376 953 2438 uel
976 2375 1023 2439 sic
1046 2375 1260 2440 illi-amatori

202 2500 277 2542 meo
308 2480 479 2542 formonso
510 2477 691 2560 placitura’
738 2488 772 2542 et
798 2499 874 2542 cum
901 2479 990 2543 dicto
1016 2488 1144 2543 reserat
1167 2480 1260 2565 pyxi-

202 2584 286 2646 dem.
350 2600 403 2645 21.
424 2583 676 2664 necquicquam
692 2582 738 2645 ibi
753 2603 861 2645 rerum
879 2603 941 2647 nec
957 2583 1171 2648 formonsitas
1188 2585 1260 2649 ulla

202 2687 262 2750 sed
278 2687 429 2750 infernus
452 2707 588 2750 somnus
612 2707 650 2749 ac
674 2707 752 2749 uere
778 2687 925 2772 Stygius,
942 2687 1000 2770 qui
1015 2686 1126 2751 statim
1142 2707 1259 2770 coper-

203 2791 277 2854 culo
304 2792 471 2854 reuelatus
499 2790 626 2853 inuadit
653 2811 736 2866 eam,
764 2811 942 2873 crassaque
973 2790 1101 2875 soporis
1131 2791 1260 2857 nebula

149 2923 178 2970 ας
202 2894 330 2958 cunctis
355 2894 426 2957 eius
454 2894 610 2957 membris
639 2895 859 2976 perfunditur,
889 2905 923 2958 et
950 2895 984 2958 in
1011 2894 1084 2978 ipso
1111 2896 1259 2978 uestigio

202 2997 341 3080 ipsaque
357 2998 474 3061 semita
491 2999 683 3080 conlapsam
701 2998 856 3080 possidet.
903 3009 937 3063 et
959 2997 1089 3063 iacebat
1106 2998 1260 3064 immobi-

203 3102 242 3165 lis
262 3112 295 3165 et
314 3102 395 3164 nihil
415 3102 503 3163 aliud
526 3122 625 3183 quam
650 3103 817 3165 dormiens
841 3103 991 3166 cadaver.
1039 3102 1097 3166 sed
1122 3102 1260 3186 Cupido

202 3206 268 3269 iam
285 3206 436 3269 cicatrice
453 3206 559 3269 solida
575 3207 786 3270 reualescens
809 3226 870 3269 nec
892 3206 1055 3270 diutinam
1077 3226 1157 3270 suae
1178 3208 1261 3293 Psy-

202 3313 283 3375 ches
314 3310 497 3374 absentiam
529 3310 677 3372 tolerans
702 3331 762 3392 per
789 3311 983 3374 altissimam
1014 3311 1158 3376 cubiculi
1188 3334 1259 3396 quo

150 3447 179 3491 30
203 3415 420 3479 cohibebatur
450 3414 583 3495 elapsus
614 3415 797 3478 fenestram
827 3416 1027 3498 relectisque
1058 3415 1169 3498 pinnis
1189 3417 1261 3481 ali-

203 3529 328 3602 quanta
352 3518 461 3600 quiete
484 3517 584 3598 longe
607 3516 754 3580 uelocius
779 3519 957 3600 prouolans
975 3520 1128 3604 Psychen
1143 3539 1261 3605 accur-

203 3624 245 3686 rit
261 3643 363 3697 suam,
382 3622 580 3702 detersoque
604 3641 728 3685 somno·
744 3621 872 3686 curiose
895 3633 928 3686 et
951 3644 1081 3687 rursum
1096 3621 1131 3686 in
1147 3623 1261 3706 pristi-
