2684 4094
482 310 676 359 aernouivs
699 310 853 360 nnuman
1160 315 1217 378 115

167 464 239 528 cide
267 486 337 541 nos,
366 476 402 528 ut
434 466 550 529 ludaei
580 466 762 542 uideamur,
791 477 825 529 et
856 467 1020 548 pertunde
1048 489 1154 540 aures,
1185 479 1220 531 ut

167 569 334 632 imitemur
349 569 490 645 Arabes,
508 579 542 632 et
565 570 691 632 increta
715 570 827 646 facies,
846 580 881 633 ut
903 591 981 633 suos
1004 571 1111 635 Gallia
1129 571 1219 634 ciues
1300 581 1302 586 “

168 683 277 755 putet:
297 684 457 755 tanquam
475 674 527 736 hic
541 674 631 736 solus
643 674 734 736 color
750 675 887 754 figuram
906 676 1012 755 possit
1029 685 1219 756 peruertere

167 787 200 840 et
216 798 283 840 non
301 778 404 840 multa
420 797 487 840 una
503 788 656 858 oporteat
675 777 886 840 consentiant
906 775 956 861 [et
976 777 1060 863 non]
1081 780 1217 852 ratione,

130 889 203 956 5ut
223 880 432 944 mendacium
456 891 593 944 constet.
642 892 723 962 puta
746 881 905 944 infectam
930 868 1148 945 medicamine
1173 884 1219 945 fa-

168 985 251 1048 ciem
273 985 396 1048 diutius
412 986 531 1048 durare
556 1006 671 1066 posse;
696 986 784 1065 finge
801 1005 863 1048 nec
880 1006 987 1068 aquae
1007 987 1216 1067 asperginem

167 1089 395 1170 imposituram
413 1089 557 1171 aliquam
574 1089 703 1170 corpori
723 1090 895 1164 maculam,
914 1110 975 1152 nec
991 1100 1119 1152 uestem
1137 1101 1219 1153 atra-

168 1202 280 1256 mento
297 1194 526 1268 adhaesuram,
541 1193 630 1275 quod
646 1194 842 1274 frequenter
856 1193 957 1255 etiam
974 1214 1041 1256 non
1058 1194 1218 1256 accersito

168 1297 349 1359 ferrumine
376 1296 539 1377 infigitur:
571 1315 643 1377 age,
668 1296 830 1378 numquid
858 1306 892 1359 et
918 1297 1011 1360 labra
1042 1318 1219 1378 possumus

117 1430 145 1462 10
167 1384 297 1463 tumore
327 1400 519 1476 taeterrimo
549 1397 706 1481 implere?
752 1400 914 1482 numquid
941 1411 975 1463 et
1001 1401 1109 1464 crines
1137 1403 1220 1464 cala·
1271 1410 1276 1417 “

168 1504 282 1567 mistro
313 1498 530 1567 conuertere?
590 1504 752 1585 numquid
787 1514 820 1567 et
851 1505 980 1568 frontes
1011 1505 1219 1568 cicatricibus

169 1608 341 1671 scindere?
386 1608 547 1689 numquid
568 1617 602 1670 et
618 1628 714 1671 crura
729 1608 763 1669 in
780 1608 892 1671 orbem
914 1609 1082 1689 pandere?
1128 1630 1220 1671 num-

168 1712 248 1794 quid
264 1722 298 1775 et
313 1713 398 1775 talos
413 1711 456 1774 ad
474 1721 597 1774 terram
615 1712 800 1774 deducere?
847 1712 1008 1793 numquid
1030 1720 1059 1773 et
1082 1713 1219 1775 barbam

169 1816 346 1898 peregrina
372 1815 499 1878 ratione
527 1815 690 1897 figurare?
737 1816 826 1878 color
852 1825 923 1878 arte
947 1817 1150 1897 compositus
1175 1817 1220 1879 in·

117 1945 144 1992 ις
168 1920 284 2002 quinat
304 1940 435 2001 corpus,
453 1940 521 1982 non
540 1928 656 1982 mutat.
704 1919 825 1994 audite,
843 1919 921 2001 quid
944 1920 1067 1982 amenti
1091 1941 1221 1984 succur-

168 2025 262 2087 rerit:
287 2023 510 2105 praeligemus
526 2022 676 2086 uestibus
692 2023 803 2104 capita
822 2032 855 2085 et
877 2043 937 2086 nos
960 2023 993 2085 in
1016 2025 1220 2104 protundum

168 2129 380 2208 mergamus)
450 2146 523 2203 103.
552 2133 610 2190 ‘ne
626 2126 714 2190 istud
730 2127 775 2190 dii
795 2127 1012 2208 hominesque
1035 2129 1218 2208 patiantur'

170 2232 356 2312 Eumolpus
379 2232 542 2295 exclamat
563 2237 615 2293 ‘ut
634 2251 694 2293 uos
712 2240 780 2293 tam
800 2231 889 2311 turpi
913 2231 1001 2293 exitu
1026 2231 1127 2293 uitam
1152 2232 1220 2293 fini-

169 2335 241 2397 atis.
288 2335 389 2398 immo
420 2335 531 2416 potius
561 2334 671 2410 facite,
698 2329 787 2416 quod
818 2334 924 2396 iubeo.
972 2334 1220 2397 mercennarius

116 2467 145 2499 ω
169 2459 272 2515 meuS,
292 2449 329 2502 ut
351 2459 391 2502 ex
414 2439 578 2502 nouacula
601 2437 819 2519 comperistis,
842 2447 956 2500 tonsor
978 2447 1045 2499 est:
1071 2437 1122 2500 hic
1147 2457 1221 2500 con·

167 2542 261 2606 tinuo
277 2543 372 2606 radat
387 2543 559 2624 utriusque
574 2562 641 2604 non
659 2542 765 2604 solum
782 2541 902 2621 capita,
918 2541 976 2603 sed
993 2541 1092 2603 etiam
1110 2561 1221 2623 super·

168 2647 250 2710 cilia.
299 2667 419 2729 sequar
435 2667 499 2728 ego
515 2647 643 2708 frontes
659 2654 780 2708 notans
799 2644 1013 2724 inscriptione
1034 2644 1166 2719 sollerti,
1185 2655 1221 2707 ut

167 2749 348 2813 uideamini
375 2749 530 2831 stigmate
553 2769 628 2812 esse
656 2748 771 2829 puniti.
820 2735 866 2810 ita
889 2748 1026 2810 eaedem
1050 2748 1164 2810 literae
1188 2758 1221 2810 et

168 2854 391 2935 suspicionem
415 2853 629 2917 declinabunt
656 2851 886 2934 quaerentium
910 2860 944 2914 et
967 2852 1080 2913 uultus
1103 2851 1221 2914 umbra

115 2987 143 3034 25
168 2958 322 3039 supplicii
344 2959 480 3039 tegent'

211 3072 354 3125 nonest
380 3062 482 3125 dilata
513 3060 655 3136 fallacia,
681 3059 740 3122 sed
768 3059 810 3121 ad
838 3060 925 3121 latus
949 3058 1074 3139 nauigii
1105 3059 1220 3121 furtim

168 3166 392 3247 processimus
419 3165 595 3247 capitaque
619 3184 694 3227 cum
718 3162 903 3244 superciliis
927 3162 1129 3225 denudanda
1152 3173 1221 3225 ton-

168 3269 235 3331 sori
258 3269 479 3350 praebuimus.
527 3267 678 3349 impleuit
696 3266 882 3347 Eumolpus
903 3266 1032 3329 frontes
1049 3267 1220 3348 utriusque

168 3371 359 3454 ingentibus
382 3372 485 3435 literis
501 3381 534 3434 et
549 3381 664 3434 notum
689 3370 907 3450 fugitiuorum
931 3369 1138 3450 epigramma
1161 3389 1221 3450 per

114 3506 144 3551 30
167 3486 271 3539 totam
288 3477 408 3540 faciem
427 3475 555 3539 liberali
573 3495 674 3537 manu
692 3474 793 3536 duxit.
841 3494 927 3536 unus
946 3473 1033 3536 forte
1053 3493 1093 3535 ex
1113 3483 1220 3536 uecto-

167 3579 267 3656 ribus‚
285 3580 341 3663 qui
361 3580 543 3644 acclinatus
565 3579 660 3650 lateri
681 3578 776 3640 nauis
793 3577 995 3640 exonerabat
1011 3578 1219 3640 stomachum
1281 3643 1284 3647 ,

167 3703 294 3748 nausea
316 3704 463 3765 grauem,
481 3682 610 3745 notauit
631 3681 693 3744 sibi
717 3680 758 3742 ad
782 3681 897 3743 lunam
914 3690 1092 3742 tonsorem
1105 3680 1229 3736 insem-
