2684 4094
594 273 728 322 sennen
1155 279 1191 325 12
1197 277 1212 340 5

161 452 260 495 nemo
287 431 375 495 enim
403 452 550 514 unquam
578 430 670 493 illum
698 440 813 492 natum
845 429 983 512 putauit.
1040 431 1093 493 fac
1125 428 1214 511 quod

162 536 353 599 faciendum
378 545 447 598 est:

250 673 364 736 “dede
380 673 462 748 neci,
480 672 596 734 melior
612 692 719 735 uacua
736 672 806 734 sine
823 681 941 752 regnet
957 671 990 732 in
1007 671 1132 733 aula.'’'

161 818 220 881 sed
244 817 364 880 Clotho
382 823 462 896 ‘ego
486 813 711 878 mehercules'
730 814 837 896 inquit
857 814 1031 895 ‘pusillum
1055 814 1214 895 temporis

123 948 137 994 5
161 922 291 985 adicere
315 921 361 982 illi
385 918 548 994 uolebam,
565 919 644 981 dum
670 918 731 981 hos
755 918 924 999 pauculos,
944 917 1000 999 qui
1024 927 1212 998 supersunt,

161 1025 296 1087 ciuitate
323 1021 763 1086 donaret’-constituerat
789 1021 876 1083 enim
908 1040 1024 1083 omnes
1056 1021 1212 1096 Graecos,

162 1129 285 1203 Gallos,
305 1128 486 1208 Hispanos,
507 1125 685 1188 Britannos
705 1134 838 1206 togatos
857 1123 1112 1187 uidere-‘sed
1137 1145 1213 1206 quo-

161 1232 250 1294 niam
267 1233 378 1314 placet
394 1231 521 1312 aliquos
542 1229 737 1311 peregrinos
761 1228 794 1291 in
819 1248 932 1291 semen
957 1227 1098 1310 relinqui
1122 1238 1154 1290 et
1177 1238 1213 1291 tu

161 1336 206 1398 ita
222 1335 315 1398 iubes
335 1335 414 1410 fieri,
432 1335 509 1396 fiat'
556 1333 663 1414 aperit
681 1342 752 1396 tum
776 1333 948 1414 capsulam
972 1342 1005 1394 et
1029 1342 1096 1394 tres
1119 1332 1213 1394 fusos

110 1468 138 1500 ιο
161 1441 308 1521 profert:
332 1459 418 1502 unus
435 1448 506 1501 erat
518 1436 695 1518 Augurini,
710 1437 793 1499 alter
807 1435 929 1511 Babae,
943 1435 1059 1498 tertius
1073 1434 1210 1499 Claudii.

162 1545 242 1606 ‘hos
254 1545 261 1568 '
275 1543 381 1625 inquit
395 1548 480 1605 ‘tres
493 1562 559 1604 uno
575 1562 665 1604 anno
681 1540 809 1622 exiguis
825 1540 1008 1602 interuallis
1025 1549 1212 1621 temporum

159 1648 285 1710 diuisos
311 1647 394 1709 mori
420 1645 550 1721 iubeb0,
574 1665 637 1708 nec
665 1645 756 1707 illum
782 1644 1010 1707 incomitatum
1038 1642 1210 1706 dimittam.

159 1771 228 1814 non
245 1760 377 1832 oportet
392 1750 480 1812 enim
500 1770 585 1824 eum,
603 1749 660 1832 qui
679 1748 778 1812 modo
798 1769 833 1811 se
856 1757 906 1810 tot
929 1747 1018 1809 milia
1042 1747 1216 1809 hominum-

161 1855 334 1936 sequentia
357 1854 501 1928 uidebat,
521 1863 570 1916 tot
593 1852 837 1934 praecedentia,
858 1861 908 1914 tot
930 1851 1141 1924 circumfusa,
1163 1872 1213 1913 su·

111 1986 136 2032 15
161 1959 229 2021 bito
250 1959 356 2021 solum
379 1957 522 2021 destitui.
570 1966 747 2020 contentus
770 1956 833 2020 erit
855 1955 906 2019 his
929 1955 1061 2019 interim
1084 1954 1213 2018 conuic-

161 2062 307 2125 toribus!

160 2215 192 2272 4.
250 2196 332 2258 haec
348 2195 395 2257 ait
410 2204 443 2257 et
458 2193 548 2275 turpi
564 2193 769 2257 conuoluens
785 2192 929 2256 stamina
944 2194 1020 2256 fuso

248 2299 381 2380 abrupit
397 2297 536 2360 stolidae
552 2297 677 2378 regalia
693 2307 844 2378 tempora
859 2297 956 2360 uitae.

249 2412 282 2464 at
300 2402 460 2465 Lachesis
477 2401 628 2464 redimita
643 2421 766 2476 comas,
784 2410 901 2463 omata
916 2400 1063 2482 capillos,

250 2507 356 2568 Pieria
371 2506 496 2568 crinem
513 2506 605 2567 lauro
622 2505 833 2586 frontemque
849 2524 1013 2567 coronans

247 2609 391 2672 candida
406 2608 447 2670 de
464 2608 561 2670 niueo
578 2608 766 2671 subtemina
781 2609 904 2671 uellere
921 2607 1020 2671 sumit

242 2712 337 2787 ¹felici
353 2711 557 2774 moderanda
572 2732 682 2788 manu,
700 2732 785 2794 quae
801 2713 901 2775 ducta
917 2713 1060 2775 colorem

249 2835 460 2896 assumpsere
477 2835 609 2877 nouum.
657 2816 820 2878 mirantur
835 2835 941 2897 pensa
957 2833 1105 2878 sorores:

247 2929 394 2982 mutatur
409 2919 483 2982 uilis
500 2919 645 3000 pretioso
661 2920 738 2982 lana
754 2921 896 2995 metallo,

248 3044 349 3087 aurea
364 3024 510 3087 formoso
527 3024 737 3087 descendunt
752 3023 886 3087 saecula
902 3023 966 3087 filo.

247 3148 309 3191 nec
325 3128 443 3190 modus
460 3138 510 3190 est
525 3128 598 3203 illis,
615 3127 725 3191 felicia
740 3128 865 3190 uellera
880 3128 1008 3192 ducunt

247 3242 281 3295 et
296 3232 445 3314 gaudent
461 3232 599 3314 implere
617 3253 745 3308 manus,
764 3243 842 3296 sunt
857 3232 966 3296 dulcia
981 3252 1096 3315 pensa.

248 3346 368 3418 sponte
385 3357 445 3398 sua
462 3337 599 3398 festinat
615 3357 699 3417 opus
716 3337 874 3419 nulloque
889 3337 1002 3400 labore

247 3441 359 3504 mollia
375 3451 526 3504 contorto
542 3441 749 3503 descendunt
765 3441 908 3504 stamina
923 3442 1008 3506 fuso.

247 3546 386 3608 uincunt
401 3544 547 3619 Tithoni,
565 3545 704 3608 uincunt
719 3555 752 3607 et
770 3546 922 3608 Nestoris
938 3566 1052 3609 annos.

249 3648 401 3713 Phoebus
418 3650 512 3712 adest
528 3659 694 3731 cantuque
710 3648 803 3713 iuuat
819 3650 1009 3732 gaudetque
1025 3648 1150 3712 tuturis
