2684 4094
155 222 216 286 104
413 218 623 267 FRAGMENTS
646 219 692 268 OF
715 218 842 268 ROMAN
865 219 990 268 SATIRE

203 373 290 437 cium
314 384 522 438 uauatonem.
569 395 652 457 rogo
676 395 746 451 uos,
764 384 894 457 oportet
918 376 1069 451 credatis,
1087 387 1164 440 sunt
1184 399 1256 440 mu-

202 477 300 541 lieres
326 479 502 560 plussciae,
530 488 609 542 sunt
636 489 827 554 nocturnae,
857 489 890 542 et
917 479 1005 561 quod
1033 500 1163 542 sursum
1190 491 1252 557 cst,

201 582 357 645 deorsum
388 583 525 646 faciunt.
572 592 719 645 ceterum
746 582 827 645 baro
855 583 910 645 illc
937 583 1056 665 longus
1083 594 1160 665 post
1187 585 1253 648 hoc

201 686 327 750 iactum
347 707 518 769 nunquam
535 685 655 750 coloris
671 685 723 750 sui
738 685 810 762 fuit,
828 686 928 750 immo
945 698 1022 769 post
1037 708 1163 769 paucos
1178 688 1254 752 dies

161 818 177 866 ς
201 791 414 871 phreneticus
430 789 547 872 periit’

244 897 298 972 64.
336 895 494 958 miramur
524 914 586 957 nos
618 903 652 957 et
684 893 807 977 pariter
837 895 1011 971 credimus,
1043 894 1252 978 osculatique

200 1018 351 1062 mensam
374 1018 530 1081 rogamus
551 997 751 1073 Nocturnas,
769 1008 806 1064 ut
821 997 890 1062 suis
905 996 1033 1061 aedibus
1049 1019 1085 1062 se
1101 1008 1250 1077 teneant,

200 1103 279 1165 dum
295 1102 440 1165 redimus
456 1123 476 1164 a
492 1120 584 1165 cena,

243 1319 277 1372 et
299 1329 379 1372 sane
404 1308 469 1371 iam
493 1310 648 1373 lucernae
671 1308 753 1373 mihi
775 1307 888 1391 plures
912 1309 1111 1374 uidebantur
1131 1310 1250 1374 ardere

148 1441 176 1474 10
199 1422 371 1496 totumque
405 1413 584 1477 triclinium
618 1433 693 1476 esse
727 1423 901 1490 mutatum,
934 1434 1009 1477 cum
1045 1413 1250 1477 Trimalchio

200 1516 277 1580 ‘tibi
307 1517 398 1581 dico’
430 1516 538 1599 inquit
569 1517 751 1593 ‘Plocame,
784 1517 866 1579 nihil
900 1519 1038 1581 narras?
1073 1517 1154 1580 nihil
1185 1538 1249 1581 nos

199 1621 396 1685 delectaris?
432 1631 466 1684 et
492 1620 623 1685 solebas
649 1621 785 1684 suauius
812 1641 895 1695 esse,
920 1621 1007 1685 belle
1034 1621 1182 1684 diuerbia
1204 1622 1250 1684 di-

198 1745 282 1801 cere,
301 1725 418 1788 melica
441 1724 616 1789 canturire.
664 1725 729 1788 heu
749 1725 824 1801 heu,
841 1724 956 1788 abistis
976 1724 1081 1788 dulcis
1097 1725 1247 1788 caricae!

200 1828 301 1891 ‘iam’
318 1828 425 1911 inquit
441 1829 495 1891 ille
513 1828 712 1910 ‘quadrigae
728 1848 823 1892 meae
840 1829 1108 1904 decucurrerunt,
1125 1849 1165 1892 ex
1180 1850 1248 1911 quo

146 1961 173 2008 15
198 1933 397 2014 podagricus
418 1933 529 1996 factus
548 1952 631 1996 sum.
678 1932 824 2015 alioquin
840 1953 916 1996 cum
932 1953 1041 1996 essem
1058 1932 1248 1995 adulescen-

197 2037 295 2112 tulus
313 2036 479 2099 cantando
503 2056 610 2117 paene
632 2036 819 2118 phthisicus
835 2038 945 2100 iactus
962 2058 1043 2100 sum.
1091 2036 1169 2119 quid
1186 2036 1247 2099 sal-

124 2166 131 2174 ·
197 2142 291 2203 tare?
319 2140 397 2223 quid
421 2139 592 2203 diuerbia?
620 2139 699 2222 quid
722 2140 946 2204 tonstrinum?
974 2140 1107 2223 quando
1129 2159 1245 2221 parem

197 2244 297 2307 habui
320 2244 384 2307 nisi
399 2265 502 2306 unum
519 2244 709 2326 Apelletem
721 2244 750 2306 ?’
796 2244 1017 2326 appositaque
1033 2245 1075 2306 ad
1092 2264 1129 2306 os
1145 2264 1246 2306 manu

197 2348 309 2411 nescio
333 2347 411 2430 quid
437 2357 581 2410 taetrum
605 2347 801 2423 exsibilauit,
826 2348 914 2431 quod
938 2357 1055 2429 postea
1080 2349 1244 2412 Graecum

144 2485 172 2516 ω
196 2472 269 2515 esse
286 2451 480 2514 affirmabat.

240 2577 302 2619 nec
318 2576 384 2619 non
401 2554 603 2618 Trimalchio
619 2554 692 2637 ipse
708 2576 783 2619 cum
799 2554 964 2619 tubicines
980 2564 1068 2618 esset
1087 2553 1243 2631 imitatus,

196 2661 238 2722 ad
269 2659 405 2722 delicias
435 2679 513 2721 suas
544 2658 697 2740 respexit,
727 2680 826 2741 quem
854 2659 1014 2724 Croesum
1043 2658 1242 2740 appellabat.

196 2784 279 2844 puer
313 2773 424 2826 autem
463 2761 583 2844 lippuS,
621 2762 856 2826 sordidissimis
890 2762 1054 2838 dentibuS,
1090 2761 1243 2826 catellam

195 2866 325 2948 nigram
349 2875 449 2948 atque
476 2865 670 2930 indecenter
696 2865 854 2949 pinguem
886 2867 1021 2948 prasina
1051 2865 1244 2944 inuoluebat

142 3002 170 3048 ας
195 2971 300 3033 fascia
323 2989 513 3052 panemque
536 2970 709 3034 semissem
733 2971 879 3052 ponebat
900 2991 1001 3052 super
1016 2980 1124 3032 torum
1143 2955 1243 3051 atque

199 3071 297 3159 [hac]
329 3094 455 3137 nausea
485 3084 695 3138 recusantem
726 3074 910 3157 saginabat.
958 3095 1024 3156 quo
1054 3072 1243 3136 admonitus

195 3178 294 3242 officii
320 3177 523 3242 Trimalchio
552 3178 727 3263 Scylacem
754 3177 848 3241 iussit
876 3177 996 3241 adduci
1023 3176 1242 3259 ‘praesidium

195 3282 313 3345 domus
336 3281 570 3364 familiaeque!
616 3301 679 3345 nec
699 3301 799 3355 mora,
818 3281 964 3363 ingentis
980 3282 1108 3344 formae
1124 3280 1243 3343 adduc·

194 3396 247 3449 tus
264 3396 315 3449 est
331 3385 423 3448 canis
440 3395 558 3448 catena
575 3384 715 3460 uinctus,
730 3385 985 3467 admonitusque
1002 3384 1125 3447 ostiarii
1141 3383 1241 3458 calce,

140 3521 170 3566 30
194 3499 230 3552 ut
261 3489 405 3562 cubaret,
432 3499 509 3552 ante
536 3509 685 3551 mensam
714 3509 749 3551 se
778 3489 895 3570 posuit.
943 3499 1014 3552 tum
1040 3486 1242 3552 Trimalchio

193 3594 321 3657 iactans
345 3593 522 3656 candidum
546 3613 669 3675 panem
689 3593 823 3656 ‘nemo’
845 3591 952 3676 inquit
970 3592 1021 3654 ‘in
1045 3593 1144 3654 domo
1168 3608 1243 3653 mea
