2684 4094
604 280 725 329 VARRO

405 505 406 508 Ἴ
520 407 689 503 Tte'yenests
701 434 817 503 ofsony.

118 563 190 626 161.
224 559 328 642 patris
345 557 443 621 huius
460 567 642 620 nascuntur
658 558 753 638 pueri
771 558 962 642 Rhythmus
979 569 1012 622 et
1031 561 1148 623 Melos,

1005 662 1080 714 Non.
1096 676 1157 730 ²13·
1175 677 1214 715 ιο.

352 755 407 807 The
419 755 563 823 differenee
576 755 686 806 between
698 770 797 822 poema
810 755 865 807 ond
877 755 978 822 poesis.

119 878 191 941 162.
269 895 390 957 poema
413 884 464 936 est
489 873 569 936 lexis
596 875 824 956 enrhythmos,
849 874 883 936 id
910 885 961 938 est
988 876 1091 938 uerba
1122 878 1217 958 plura

225 979 352 1042 modice
377 979 410 1041 in
435 978 603 1061 quandam
627 977 778 1040 coniecta
801 978 953 1054 formam,
979 979 1090 1062 itaque
1117 981 1216 1043 etiam

225 1084 390 1146 distichon
414 1081 691 1164 epigranrmation
712 1092 834 1144 uocant
856 1103 984 1164 poema.
1032 1085 1143 1165 poesis
1167 1095 1218 1147 est

225 1197 422 1269 perpetuum
436 1195 671 1268 argumentum
680 1166 725 1248 'ex
740 1186 913 1270 rhythmis,
928 1196 964 1249 ut
981 1187 1059 1250 Ilias
1078 1189 1218 1250 Homeri

178 1317 191 1370 5
226 1301 259 1354 et
275 1290 419 1353 Annalis
437 1290 535 1352 Enni.
583 1290 711 1371 poetice
728 1298 779 1353 est
795 1310 848 1352 ars
864 1310 978 1353 earum
994 1311 1113 1354 rerum.

1032 1395 1105 1447 Non.
1119 1394 1179 1458 428.
1193 1393 1218 1444 6.
1327 1404 1329 1408 ’

121 1496 176 1549 Tlte
189 1496 383 1548 characteristic
396 1496 540 1548 excellence
552 1495 587 1564 of
594 1496 657 1547 eoelt
671 1495 706 1564 of
712 1496 752 1547 tte
766 1495 835 1547 three
848 1503 923 1564 preat
939 1495 1044 1549 Roman
1061 1497 1218 1550 comedebas.

121 1618 193 1692 163.
271 1615 304 1677 in
321 1615 441 1697 quibus
458 1614 607 1696 partibus
624 1614 657 1676 in
675 1614 880 1695 argumentis
898 1615 1062 1679 Caecilius
1079 1617 1187 1697 poscit

227 1719 382 1801 palmam,
400 1718 434 1781 in
450 1712 563 1796 ἤθεσιν
577 1718 764 1793 Terentius,
782 1717 816 1780 in
833 1719 1040 1783 sermonibus
1058 1720 1202 1783 Plautus

1025 1821 1100 1875 Non.
1115 1835 1176 1888 374.
1191 1821 1217 1873 6.

518 1996 597 2042 ΠΕΡΙ
621 1995 823 2042 ΕΔΕΣΜΑΤΩΝ

121 2115 194 2191 164.
275 2109 339 2196 [M.
353 2114 461 2176 Varro
474 2111 508 2174 in
521 2121 634 2174 satura
647 2132 746 2194 quam
759 2107 834 2193 περὶ
852 2105 1038 2188 ἐδεσμάτων
1053 2113 1220 2196 inscripsit
1311 2171 1315 2176 .

227 2216 337 2298 lepide
363 2215 541 2278 admodum
573 2225 606 2278 et
637 2215 718 2278 scite
749 2216 849 2278 lactis
879 2216 1031 2279 uersibus
1062 2238 1219 2280 cenarum

227 2316 481 2404 ciborum[que]
498 2318 678 2400 exquisitas
691 2319 826 2381 delicias
840 2320 1101 2400 comprehendit.
1142 2342 1219 2383 nam

227 2423 385 2506 pleraque
409 2422 442 2485 id
466 2443 583 2503 genus,
608 2442 694 2505 quae
719 2422 868 2484 elluones
893 2423 947 2486 isti
970 2434 1059 2486 terra
1081 2434 1114 2486 et
1138 2425 1220 2487 mari

180 2552 193 2605 5
227 2527 436 2609 conquirunt,
454 2526 606 2609 exposuit
623 2525 822 2608 inclusitque
839 2526 871 2587 in
889 2547 1045 2590 numeros
1062 2528 1218 2590 senarios.

227 2640 260 2693 et
283 2631 374 2712 ipsos
397 2631 531 2713 quidem
556 2650 681 2706 uersus,
700 2629 753 2692 cui
776 2629 878 2693 otium
903 2631 973 2705 erit,
990 2631 1024 2692 in
1048 2632 1131 2694 libro
1155 2653 1220 2713 quo

228 2734 294 2796 dixi
310 2735 436 2815 positos
453 2735 560 2816 legat;
586 2754 711 2815 genera
727 2743 838 2795 autem
856 2734 1057 2816 nominaque
1074 2736 1219 2797 edulium

228 2848 261 2900 et
277 2838 444 2901 domicilia
462 2838 610 2900 ciborum
633 2837 786 2900 omnibus
807 2837 879 2900 aliis
904 2838 1116 2919 praestantia,
1135 2860 1220 2920 quae

228 2942 395 3022 profunda
411 2941 577 3023 ingluuies
593 2941 781 3022 uestigauit,
793 2961 878 3023 quae
891 2943 998 3004 Varro
1015 2942 1220 3023 obprobrans

164 3073 193 3108 ιο
228 3055 386 3109 executus
401 3056 461 3121 est,
480 3046 562 3108 haec
579 3055 657 3108 sunt
672 3046 787 3120 ferme,
806 3055 967 3126 quantum
984 3045 1080 3108 nobis
1101 3067 1221 3108 memo-

227 3150 295 3213 riae
327 3159 395 3212 est:
429 3169 536 3230 pauus
564 3169 582 3211 e
615 3149 724 3223 Samo,
753 3149 897 3233 Phrygia
928 3158 1094 3229 attagena,
1122 3170 1221 3230 grues

230 3253 381 3328 Melicae,
401 3253 528 3315 haedus
552 3273 592 3315 ex
615 3252 805 3327 Ambracia,
823 3252 963 3332 pelamis
985 3253 1220 3327 Chalcedonio,

228 3378 366 3420 murena
389 3357 569 3431 Tartessia,
593 3356 686 3419 aselli
711 3355 920 3430 Pessinuntii,
942 3366 1052 3418 ostrea
1074 3357 1220 3431 Tarenti,

228 3453 447 3542 pectunculus
479 3457 509 3542 [
536 3509 542 3520 .
570 3458 615 3545 .],
645 3460 762 3541 helops
792 3460 951 3534 Rhodius,
980 3459 1064 3522 scari
1092 3460 1220 3536 cilices,

164 3590 192 3642 15
227 3584 330 3627 nuces
354 3563 509 3637 Thasiae,
535 3564 646 3645 palma
669 3563 851 3647 Aegyptia,
876 3564 973 3643 glans
999 3563 1165 3626 Hiberica.

936 3664 1072 3717 Gell.V1.
1091 3664 1131 3716 16.
1148 3664 1223 3733 1-5.]
