2684 4094
457 279 651 329 PETRONIVS
673 279 828 330 ARBlTER
1151 285 1196 353 97

143 459 238 503 cum:
264 438 292 502 si
315 457 382 501 non
399 436 575 514 didicisset,
594 435 692 501 hodie
708 437 834 500 famem
850 457 869 499 a
885 437 985 501 labris
1001 458 1068 503 non
1085 439 1194 521 abige-

143 553 201 606 ret.
249 542 356 618 modo,
370 541 469 604 modo
485 542 570 605 collo
586 561 647 605 suo
663 541 919 605 circumferebat
934 562 1036 606 onera
1052 544 1193 619 uenalia,

144 668 233 711 nunc
260 646 360 709 etiam
385 646 547 709 aduersus
576 646 773 710 Norbanum
800 665 836 709 se
867 646 1023 711 extendit.
1079 647 1194 710 literae

143 752 337 814 thesaurum
354 758 414 826 est,
431 759 466 814 et
481 748 654 813 artificium
671 769 843 831 nunquam
860 749 1047 814 moritur.”’

95 980 149 1034 Tle
161 982 217 1033 bost
229 990 348 1045 returns;
366 997 384 1033 a
396 981 470 1033 white
481 998 533 1034 sora
546 980 568 1032 is
580 981 690 1033 selected
701 980 769 1033 alive
781 980 868 1049 before
883 982 923 1034 tlte
937 991 1023 1052 questo
1038 984 1093 1035 and
1108 983 1196 1035 irnnre·

144 1069 241 1136 diotely
251 1070 383 1138 prepared
394 1085 425 1120 ae
437 1068 477 1120 tlte
490 1076 550 1120 neat
563 1084 669 1131 course;
687 1067 839 1121 meanwhile
852 1069 1031 1121 conversation
1043 1069 1066 1120 is
1078 1070 1196 1122 directed

144 1156 176 1222 by
193 1157 233 1208 tlte
252 1156 308 1209 bost
327 1165 351 1208 to
371 1155 477 1208 various
496 1155 605 1208 learned
623 1155 742 1224 subjecte.
789 1154 950 1208 Trimalchio
963 1156 1065 1224 finally
1083 1156 1196 1210 becomes

145 1242 234 1311 fairly
246 1243 358 1295 rnelloco:

106 1404 121 1451 5
145 1384 179 1438 et
195 1380 332 1457 ‘aquam
347 1374 448 1450 ioraS,
466 1373 581 1437 uinum
598 1373 701 1437 intro'
719 1372 876 1437 clamauit
1012 1375 1196 1457 excipimus

145 1478 368 1542 urbanitatem
395 1477 543 1551 iocantis,
568 1487 602 1541 et
624 1488 703 1541 ante
725 1497 843 1542 omnes
866 1478 1115 1559 Agamemnon,
1140 1480 1196 1562 qui

146 1583 280 1657 sciebat,
313 1581 432 1664 quibus
462 1580 588 1645 meritis
618 1591 832 1645 reuocaretur
861 1582 904 1644 ad
938 1602 1065 1646 cenam.
1112 1593 1197 1646 cete-

146 1706 218 1747 rum
245 1680 404 1748 'laudatus
434 1684 637 1749 Trimalchio
669 1684 805 1748 hilarius
835 1684 919 1753 bibit
949 1695 983 1749 et
1012 1686 1079 1748 iam
1105 1687 1197 1750 ebrio

147 1789 315 1870 proximus
347 1788 481 1852 ‘nemo’
513 1787 621 1870 inquit
652 1793 819 1852 ‘uestrum
849 1799 947 1871 rogat
978 1791 1196 1854 Fortunatam

96 1924 123 1957 ιο
146 1914 264 1969 meam,
284 1902 322 1956 ut
344 1892 465 1956 saltet?
489 1891 614 1957 credite
637 1891 733 1955 mihi:
758 1892 933 1956 cordacem
957 1913 1056 1956 nemo
1080 1894 1197 1957 melius

146 1998 257 2061 ducit!

146 2111 246 2185 atque
262 2095 470 2183 ipse‘erectis
485 2120 588 2181 supra
603 2100 749 2163 frontem
763 2099 915 2164 manibus
933 2101 1053 2187 Syrum
1071 2101 1198 2166 histrio-

81 2198 84 2204 ’
147 2225 223 2268 nem
246 2204 424 2267 exhibebat
446 2202 644 2267 concinente
668 2213 739 2267 tota
765 2204 909 2267 familia:
937 2200 1079 2279 Μάδεια,
1105 2205 1198 2287 Περι-

147 2303 272 2384 adiero.
303 2317 336 2371 et
352 2306 518 2389 prodisset
533 2306 566 2370 in
582 2306 738 2380 medium,
750 2307 814 2370 nisi
830 2308 1014 2372 Fortunata
1025 2309 1068 2372 ad
1083 2329 1197 2372 aurem

96 2443 123 2489 ιε
147 2410 360 2476 accessisset:
389 2407 457 2495 [et]
486 2410 595 2486 credo,
620 2409 738 2474 dixerit
762 2431 830 2473 non
854 2410 972 2475 decere
997 2412 1197 2494 grauitatem

147 2516 218 2579 eius
237 2526 305 2579 tam
327 2514 469 2578 humiles
492 2513 643 2596 ineptias.
691 2513 773 2577 nihil
796 2525 906 2578 autem
930 2525 1000 2578 tam
1023 2515 1198 2599 inaequale

147 2630 235 2696 erat;
261 2640 338 2683 nam
361 2619 460 2682 modo
483 2618 701 2681 Fortunatam
722 2615 897 2693 verebatur,
918 2620 1018 2684 modo
1041 2620 1083 2682 ad
1107 2630 1199 2683 natu-

147 2744 218 2787 ram
238 2743 332 2786 suam
350 2720 587 2785 reuertebatur.

192 2845 246 2908 53.
271 2837 305 2890 et
328 2826 426 2910 plane
449 2825 673 2908 interpellauit
697 2826 881 2890 saltationis
900 2826 1070 2890 libidinem
1090 2837 1199 2891 actua-

95 2963 125 2994 ω
148 2932 224 3008 rius,
247 2929 304 3013 qui
326 2939 486 3012 tanquam
509 2928 600 2993 urbis
623 2940 706 2993 acta'
721 2930 888 2993 recitauit:
917 2931 1011 2994 ‘VlI.
1037 2931 1199 2994 kalendas

148 3035 299 3099 sextiles:
330 3033 364 3098 in
392 3032 529 3115 praedio
553 3033 714 3110 Cumano,
740 3034 829 3115 quod
854 3043 906 3098 est
932 3034 1197 3110 Trimalchionis,

149 3139 218 3203 nati
239 3148 316 3202 sunt
339 3137 434 3220 pueri
457 3137 567 3213 XXX,
585 3137 716 3218 puellae
733 3137 814 3214 XL;
840 3137 971 3201 sublata
989 3137 1022 3200 in
1043 3138 1197 3201 horreum

148 3263 189 3306 ex
211 3263 288 3306 area
311 3241 411 3305 tritici
432 3240 535 3303 millia
559 3240 705 3303 modium
729 3241 928 3322 quingenta;
956 3242 1061 3305 boues
1084 3243 1200 3305 domiti

149 3345 333 3429 quingenti.
380 3345 498 3408 eodem
522 3344 593 3408 die:
626 3344 839 3408 Mithridates
866 3365 983 3408 seruus
1010 3344 1044 3407 in
1067 3366 1199 3409 crucem

98 3479 126 3527 25
149 3461 243 3514 actus
266 3459 325 3525 est,
350 3448 428 3531 quia
451 3446 514 3512 Gai
538 3447 642 3511 nostri
665 3448 764 3530 genio
788 3448 875 3511 male
898 3448 1034 3512 dixerat.
1082 3449 1200 3512 eodem

149 3554 220 3618 die:
251 3554 285 3616 in
308 3573 419 3616 arcam
443 3552 582 3615 relatum
607 3561 667 3627 est,
692 3551 781 3634 quod
807 3552 962 3615 collocari
988 3572 1055 3615 non
1083 3553 1199 3634 potuit,

149 3657 337 3722 sestertium
361 3656 496 3720 centies.
543 3655 660 3719 eodem
685 3655 754 3720 die:
784 3655 975 3719 incendium
999 3657 1201 3721 factumest

228 3771 304 3809 rma.
317 3769 433 3823 san—7
