2684 4094
411 257 412 260 *
471 248 683 308 -rsrnoiuvs
706 249 860 300 nnuman
1168 255 1226 317 103

176 411 265 474 clara
290 410 353 474 Gai
376 408 479 472 nostri
498 409 633 472 domurn
650 408 724 489 fugi
739 417 899 490 tanquam
916 429 1001 489 copo
1017 408 1226 490 compilatuS,

176 524 210 577 et
233 523 410 596 postquam
434 511 512 574 ueni
534 512 568 573 in
593 512 684 574 illum
709 512 827 586 locum,
845 511 878 573 in
898 532 964 593 quo
981 511 1114 593 lapidea
1130 513 1227 575 uesti-

176 628 289 681 menta
305 626 401 680 erant
417 617 515 691 iacta,
534 615 614 678 nihil
630 615 744 677 inueni
760 615 823 676 nisi
839 616 1046 696 sanguinem.
1094 628 1131 679 ut
1147 637 1226 679 uero

117 743 125 759 ·
176 722 311 784 domum
328 720 414 796 ueni,
428 719 558 783 iacebat
570 719 664 782 miles
681 739 775 781 meus
791 718 824 781 in
841 718 927 782 lecto
943 728 1102 801 tanquam
1118 720 1225 797 bouiS,

38 870 41 874 -
137 857 152 904 5
177 836 210 889 et
233 826 354 888 collum
378 823 465 886 illius
489 823 637 886 medicus
661 823 806 886 curabat.
854 822 1001 886 intellexi
1019 823 1111 887 illum
1128 825 1227 888 uersi-

177 929 297 1011 pellem
322 948 405 1003 esse,
423 947 484 990 nec
509 927 626 1008 postea
650 917 725 990 curn
749 926 804 989 illo
828 947 951 1008 panem
971 938 1106 1008 gustare
1123 928 1225 1009 potui,

176 1054 242 1096 non
268 1033 296 1095 si
319 1052 372 1094 me
395 1031 582 1094 occidisses.
630 1029 774 1093 uiderint
797 1029 853 1093 alii
876 1031 1016 1113 quidde
1036 1032 1228 1114 hocexopi-

177 1137 323 1212 nissent;
348 1155 411 1216 ego
428 1135 455 1197 si
471 1134 620 1210 mentior,
639 1133 756 1216 genios
773 1143 902 1197 uestros
919 1134 1020 1197 iratos
1038 1135 1199 1198 habeam’

220 1243 274 1316 63.
308 1238 456 1303 attonitis
472 1238 691 1302 admiratione
707 1237 870 1301 uniuersis
888 1238 1000 1301 ‘saluo
1012 1239 1018 1262 ’
1032 1239 1138 1321 inquit
1152 1245 1226 1302 ‘tuo

127 1375 154 1407 10
177 1344 348 1408 sermone’
372 1336 574 1406 Trimalchio
595 1343 641 1404 ‘si
665 1363 730 1424 qua
753 1342 836 1405 fides
859 1352 918 1417 est,
936 1352 973 1405 ut
997 1343 1077 1404 mihi
1100 1343 1159 1425 pili
1182 1343 1228 1406 in·

177 1450 385 1523 horruerunt,
399 1447 477 1529 quia
494 1446 561 1510 scio
580 1446 782 1509 Niceronem
798 1446 880 1508 nihil
897 1466 1061 1528 nugarum
1077 1467 1226 1510 narrare:

176 1552 277 1617 immo
307 1561 418 1615 certus
444 1560 496 1614 est
522 1561 556 1614 et
587 1550 721 1613 minime
752 1551 934 1631 linguosus,
981 1571 1059 1613 nam
1088 1560 1123 1614 et
1154 1551 1227 1633 ipse

176 1656 271 1719 uobis
295 1675 365 1718 rem
389 1654 579 1717 horribilem
602 1654 764 1717 narrabo:
788 1655 902 1717 asinus
920 1654 954 1716 in
973 1654 1103 1735 tegulis
1151 1676 1226 1718 cum

176 1760 285 1822 adhuc
302 1759 478 1841 capillatus
493 1778 611 1833 essem,
625 1779 704 1820 nam
720 1778 739 1819 a
755 1778 859 1839 puero
875 1758 978 1820 uitam
992 1759 1109 1822 Chiam
1127 1759 1225 1840 gessi,
1323 1781 1326 1784 ⁴

125 1894 152 1940 15
176 1864 286 1945 ipsimi
304 1863 410 1926 nostri
426 1861 588 1926 delicatus
604 1861 756 1936 decessit,
775 1862 983 1924 mehercules
999 1863 1225 1943 margaritum,

176 1967 321 2031 caecitus
344 1977 378 2030 et
401 1966 548 2030 omnium
572 1986 757 2028 numerum.
805 1986 879 2028 curn
905 1985 986 2046 ergo
1007 1966 1098 2028 illurn
1123 1977 1228 2030 mater

177 2072 304 2135 misella
328 2071 504 2154 plangeret
524 2080 558 2133 et
578 2079 730 2132 nostum
750 2069 862 2151 plures
878 2069 913 2131 in
928 2070 1125 2133 tristimonio
1142 2091 1227 2133 esse-

177 2197 258 2254 mus,
281 2175 390 2238 subito
412 2174 536 2256 strigae
557 2171 695 2235 stridere
717 2183 917 2254 coeperunt;
950 2182 1086 2255 putares
1109 2195 1226 2237 canem

176 2280 323 2362 leporem
349 2278 513 2361 persequi.
560 2277 768 2339 habebamus
794 2286 874 2340 tunc
902 2277 1069 2340 hominem
1098 2280 1227 2360 Cappa-

124 2414 153 2445 ιο
176 2384 303 2459 docem,
320 2383 467 2463 longum,
484 2382 582 2444 ualde
606 2381 806 2444 audaculum
829 2390 863 2443 et
884 2380 941 2463 qui
960 2382 1112 2445 ualebat:
1136 2394 1226 2464 pote·

175 2498 227 2551 rat
250 2488 370 2553 bouem
394 2487 514 2548 iratum
539 2485 664 2548 tollere.
713 2484 766 2548 hic
791 2485 950 2547 audacter
975 2485 1088 2548 stricto
1116 2487 1225 2566 gladio

176 2601 268 2654 extra
283 2590 405 2654 ostium
422 2589 637 2671 procucurrit,
655 2588 805 2651 inuoluta
821 2588 953 2652 sinistra
970 2609 1070 2651 manu
1087 2591 1225 2665 curiose,

176 2704 210 2758 et
226 2694 396 2757 mulierem
412 2703 572 2775 tanquam
588 2692 652 2755 hoe
668 2693 740 2756 loco
750 2729 794 2738 —
804 2692 933 2755 saluum
950 2692 1001 2768 sit,
1019 2695 1107 2774 quod
1123 2698 1225 2773 tango

175 2799 373 2862 —mediam
397 2797 534 2861 traiecit.
582 2796 735 2860 audimus
767 2796 936 2877 gemitum,
969 2807 1002 2858 et
1033 2797 1131 2878 plane
1159 2818 1224 2859 non

124 2932 151 2978 25
177 2903 326 2977 mentiar,
351 2902 442 2983 ipsas
464 2921 532 2964 non
555 2901 708 2964 uidimus.
754 2900 835 2963 baro
859 2909 970 2962 autem
995 2911 1109 2963 noster
1129 2901 1226 2963 intro-

176 3027 293 3070 uersus
319 3025 355 3068 se
379 3005 518 3088 proiecit
542 3004 576 3066 in
603 3005 735 3079 lectum,
756 3013 789 3066 et
815 3024 936 3085 corpus
960 3013 1066 3066 totum
1088 3005 1223 3067 liuidum

177 3110 323 3173 habebat
342 3109 436 3192 quasi
458 3107 600 3190 flagellis
623 3127 750 3182 caesus,
768 3107 846 3189 quia
862 3107 987 3171 scilicet
1004 3107 1095 3170 illum
1112 3110 1226 3188 tetige-

177 3224 228 3277 rat
254 3214 342 3276 mala
368 3233 496 3275 manus.
543 3232 605 3274 nos
632 3212 725 3274 cluso
752 3211 837 3274 ostio
864 3211 1010 3274 redimus
1037 3211 1156 3274 iterum
1184 3213 1224 3274 ad

177 3317 331 3392 officium,
360 3317 419 3380 sed
450 3336 526 3379 cum
557 3325 663 3378 mater
690 3315 895 3395 amplexaret
925 3335 1047 3396 corpus
1078 3316 1134 3377 filii
1166 3316 1224 3390 sui,

125 3455 155 3500 30
177 3421 285 3502 tangit
306 3430 339 3483 et
360 3420 451 3482 uidet
470 3418 695 3482 manuciolum
711 3418 752 3481 de
769 3417 958 3480 stramentis
975 3419 1111 3480 lactum.
1159 3440 1224 3481 non

177 3545 235 3588 cor
249 3524 403 3599 habebat,
422 3543 487 3586 non
513 3522 679 3596 intestina,
697 3542 764 3584 non
788 3521 984 3603 quicquam:
1013 3522 1138 3584 scilicet
1162 3523 1225 3583 iarn

178 3648 318 3710 puerum
342 3627 465 3707 strigae
484 3626 716 3688 inuolauerant
731 3634 765 3687 et
781 3635 1028 3706 supposuerant
1044 3625 1227 3688 stramenti-
