<?xml version="1.0" encoding="UTF-8"?>
<!DOCTYPE html PUBLIC "-//W3C//DTD XHTML 1.0 Transitional//EN"
    "http://www.w3.org/TR/xhtml1/DTD/xhtml1-transitional.dtd">
<html xmlns="http://www.w3.org/1999/xhtml" xml:lang="en" lang="en">
 <head>
  <title>
</title>
<meta http-equiv="Content-Type" content="text/html;charset=utf-8" />
  <meta name='ocr-system' content='tesseract 3.04.00' />
  <meta name='ocr-capabilities' content='ocr_page ocr_carea ocr_par ocr_line ocrx_word'/>
</head>
<body>
  <div class='ocr_page' id='page_1' title='image "./fragmentsromans00unkngoog_0028.png"; bbox 0 0 2684 4094; ppageno 0'>
   <div class='ocr_carea' id='block_1_1' title="bbox 599 281 758 333">
    <p class='ocr_par' dir='ltr' id='par_1_1' title="bbox 599 281 758 333">
     <span class='ocr_line' id='line_1_1' title="bbox 599 281 758 333; baseline 0.006 -1"><span class='ocrx_word' id='word_1_1' title='bbox 599 281 758 333; x_wconf 88' lang='lat' dir='ltr'>LVCILIVS</span> 
     </span>
    </p>
   </div>
   <div class='ocr_carea' id='block_1_2' title="bbox 438 457 914 650">
    <p class='ocr_par' dir='ltr' id='par_1_2' title="bbox 438 457 914 650">
     <span class='ocr_line' id='line_1_2' title="bbox 588 457 767 519; baseline -0.006 0"><span class='ocrx_word' id='word_1_2' title='bbox 588 457 697 519; x_wconf 78' lang='lat' dir='ltr'>Lmen</span> <span class='ocrx_word' id='word_1_3' title='bbox 724 459 767 519; x_wconf 94' lang='lat' dir='ltr'>II.</span> 
     </span>
     <span class='ocr_line' id='line_1_3' title="bbox 438 579 914 650; baseline 0.004 -18"><span class='ocrx_word' id='word_1_4' title='bbox 438 579 465 632; x_wconf 81' lang='lat' dir='ltr'>It</span> <span class='ocrx_word' id='word_1_5' title='bbox 478 580 499 631; x_wconf 77' lang='lat' dir='ltr'>ir</span> <span class='ocrx_word' id='word_1_6' title='bbox 512 580 624 649; x_wconf 75' lang='lat' dir='ltr'>difficolt</span> <span class='ocrx_word' id='word_1_7' title='bbox 638 591 662 633; x_wconf 71' lang='lat' dir='ltr'>ro</span> <span class='ocrx_word' id='word_1_8' title='bbox 673 581 764 648; x_wconf 83' lang='lat' dir='ltr'>pruise</span> <span class='ocrx_word' id='word_1_9' title='bbox 779 599 832 650; x_wconf 77' lang='lat' dir='ltr'>(my</span> <span class='ocrx_word' id='word_1_10' title='bbox 843 599 914 634; x_wconf 84' lang='lat' dir='ltr'>man.</span> 
     </span>
    </p>
   </div>
   <div class='ocr_carea' id='block_1_3' title="bbox 125 694 1224 894">
    <p class='ocr_par' dir='ltr' id='par_1_3' title="bbox 125 694 1224 894">
     <span class='ocr_line' id='line_1_4' title="bbox 125 694 1223 780; baseline 0.003 -22"><span class='ocrx_word' id='word_1_11' title='bbox 125 711 178 774; x_wconf 85' lang='lat'>15.</span> <span class='ocrx_word' id='word_1_12' title='bbox 209 715 278 758; x_wconf 87' lang='lat' dir='ltr'>non</span> <span class='ocrx_word' id='word_1_13' title='bbox 294 694 432 757; x_wconf 92' lang='lat' dir='ltr'>laudare</span> <span class='ocrx_word' id='word_1_14' title='bbox 448 695 618 758; x_wconf 91' lang='lat' dir='ltr'>hominem</span> <span class='ocrx_word' id='word_1_15' title='bbox 636 716 837 778; x_wconf 84' lang='lat' dir='ltr'>quemquam</span> <span class='ocrx_word' id='word_1_16' title='bbox 856 718 965 780; x_wconf 92' lang='lat' dir='ltr'>neque</span> <span class='ocrx_word' id='word_1_17' title='bbox 985 719 1040 760; x_wconf 95' lang='lat' dir='ltr'>mu</span> <span class='ocrx_word' id='word_1_18' title='bbox 1060 699 1171 762; x_wconf 85' lang='lat' dir='ltr'>facere</span> <span class='ocrx_word' id='word_1_19' title='bbox 1193 700 1223 761; x_wconf 90' lang='lat' dir='ltr'>in</span> 
     </span>
     <span class='ocr_line' id='line_1_5' title="bbox 298 819 1224 894; baseline -0.005 -11"><span class='ocrx_word' id='word_1_20' title='bbox 298 819 405 883; x_wconf 72' lang='lat' dir='ltr'>quem·</span> <span class='ocrx_word' id='word_1_21' title='bbox 1040 826 1148 880; x_wconf 79' lang='lat' dir='ltr'>charis.</span> <span class='ocrx_word' id='word_1_22' title='bbox 1164 843 1224 894; x_wconf 79' lang='lat'>213.</span> 
     </span>
    </p>
   </div>
   <div class='ocr_carea' id='block_1_4' title="bbox 258 958 1222 1167">
    <p class='ocr_par' dir='ltr' id='par_1_4' title="bbox 258 958 1222 1167">
     <span class='ocr_line' id='line_1_6' title="bbox 575 958 774 1021; baseline 0.005 -1"><span class='ocrx_word' id='word_1_23' title='bbox 575 958 685 1021; x_wconf 79' lang='lat' dir='ltr'>Lmen</span> <span class='ocrx_word' id='word_1_24' title='bbox 709 958 774 1021; x_wconf 94' lang='lat' dir='ltr'><strong>III.</strong></span> 
     </span>
     <span class='ocr_line' id='line_1_7' title="bbox 258 1080 1222 1167; baseline 0.001 -21"><span class='ocrx_word' id='word_1_25' title='bbox 258 1080 404 1167; x_wconf 92' lang='lat' dir='ltr'>[Lucilio</span> <span class='ocrx_word' id='word_1_26' title='bbox 430 1083 492 1145; x_wconf 95' lang='lat' dir='ltr'>hac</span> <span class='ocrx_word' id='word_1_27' title='bbox 516 1083 617 1145; x_wconf 86' lang='lat' dir='ltr'>satira</span> <span class='ocrx_word' id='word_1_28' title='bbox 640 1084 826 1145; x_wconf 87' lang='lat' dir='ltr'>aemulatur</span> <span class='ocrx_word' id='word_1_29' title='bbox 851 1085 1022 1160; x_wconf 85' lang='lat' dir='ltr'>Horatius,</span> <span class='ocrx_word' id='word_1_30' title='bbox 1043 1085 1104 1148; x_wconf 88' lang='lat' dir='ltr'>iter</span> <span class='ocrx_word' id='word_1_31' title='bbox 1128 1105 1222 1147; x_wconf 87' lang='lat' dir='ltr'>suum</span> 
     </span>
    </p>
   </div>
   <div class='ocr_carea' id='block_1_5' title="bbox 210 1188 1316 1271">
    <p class='ocr_par' dir='ltr' id='par_1_5' title="bbox 210 1188 1316 1271">
     <span class='ocr_line' id='line_1_8' title="bbox 210 1188 1316 1271; baseline -0.002 -20"><span class='ocrx_word' id='word_1_32' title='bbox 210 1208 230 1251; x_wconf 90' lang='lat' dir='ltr'>a</span> <span class='ocrx_word' id='word_1_33' title='bbox 247 1189 355 1252; x_wconf 91' lang='lat' dir='ltr'>Roma</span> <span class='ocrx_word' id='word_1_34' title='bbox 373 1188 585 1250; x_wconf 90' lang='lat' dir='ltr'>Brundisium</span> <span class='ocrx_word' id='word_1_35' title='bbox 602 1208 708 1270; x_wconf 91' lang='lat' dir='ltr'>usque</span> <span class='ocrx_word' id='word_1_36' title='bbox 728 1188 929 1261; x_wconf 91' lang='lat' dir='ltr'>describens,</span> <span class='ocrx_word' id='word_1_37' title='bbox 950 1190 1040 1271; x_wconf 94' lang='lat' dir='ltr'>quod</span> <span class='ocrx_word' id='word_1_38' title='bbox 1061 1199 1094 1252; x_wconf 91' lang='lat' dir='ltr'>et</span> <span class='ocrx_word' id='word_1_39' title='bbox 1116 1189 1169 1252; x_wconf 85' lang='lat' dir='ltr'>ille</span> <span class='ocrx_word' id='word_1_40' title='bbox 1192 1190 1224 1251; x_wconf 93' lang='lat' dir='ltr'>in</span> <span class='ocrx_word' id='word_1_41' title='bbox 1312 1231 1316 1249; x_wconf 69' lang='grc'><strong>.</strong></span> 
     </span>
    </p>
   </div>
   <div class='ocr_carea' id='block_1_6' title="bbox 209 1291 1225 1375">
    <p class='ocr_par' dir='ltr' id='par_1_6' title="bbox 209 1291 1225 1375">
     <span class='ocr_line' id='line_1_9' title="bbox 209 1291 1225 1375; baseline 0.002 -20"><span class='ocrx_word' id='word_1_42' title='bbox 209 1292 307 1355; x_wconf 90' lang='lat' dir='ltr'>tertio</span> <span class='ocrx_word' id='word_1_43' title='bbox 322 1291 414 1354; x_wconf 66' lang='lat' dir='ltr'>⁴libro</span> <span class='ocrx_word' id='word_1_44' title='bbox 437 1291 536 1367; x_wconf 85' lang='lat' dir='ltr'>fecit;</span> <span class='ocrx_word' id='word_1_45' title='bbox 568 1292 677 1375; x_wconf 91' lang='lat' dir='ltr'>primo</span> <span class='ocrx_word' id='word_1_46' title='bbox 701 1312 720 1354; x_wconf 94' lang='lat' dir='ltr'>a</span> <span class='ocrx_word' id='word_1_47' title='bbox 745 1292 854 1355; x_wconf 90' lang='lat' dir='ltr'>Roma</span> <span class='ocrx_word' id='word_1_48' title='bbox 878 1292 1028 1374; x_wconf 87' lang='lat' dir='ltr'>Capuam</span> <span class='ocrx_word' id='word_1_49' title='bbox 1054 1313 1168 1375; x_wconf 92' lang='lat' dir='ltr'>usque,</span> <span class='ocrx_word' id='word_1_50' title='bbox 1192 1304 1225 1357; x_wconf 92' lang='lat' dir='ltr'>et</span> 
     </span>
    </p>
   </div>
   <div class='ocr_carea' id='block_1_7' title="bbox 209 1395 1220 1508">
    <p class='ocr_par' dir='ltr' id='par_1_7' title="bbox 209 1395 1220 1508">
     <span class='ocr_line' id='line_1_10' title="bbox 209 1395 1220 1508; baseline 0.023 -51"><span class='ocrx_word' id='word_1_51' title='bbox 209 1395 286 1460; x_wconf 89' lang='lat' dir='ltr'>inde</span> <span class='ocrx_word' id='word_1_52' title='bbox 309 1396 432 1459; x_wconf 81' lang='lat' dir='ltr'>fretum</span> <span class='ocrx_word' id='word_1_53' title='bbox 457 1395 637 1460; x_wconf 85' lang='lat' dir='ltr'>Siciliense.</span> <span class='ocrx_word' id='word_1_54' title='bbox 781 1436 926 1505; x_wconf 65' lang='lat' dir='ltr'>120,th</span> <span class='ocrx_word' id='word_1_55' title='bbox 941 1437 1010 1491; x_wconf 57' lang='lat' dir='ltr'>Hor,</span> <span class='ocrx_word' id='word_1_56' title='bbox 1027 1437 1085 1490; x_wconf 57' lang='lat' dir='ltr'>sm,</span> <span class='ocrx_word' id='word_1_57' title='bbox 1101 1438 1123 1491; x_wconf 76' lang='lat'>1,</span> <span class='ocrx_word' id='word_1_58' title='bbox 1139 1452 1164 1506; x_wconf 74' lang='lat'>5,</span> <span class='ocrx_word' id='word_1_59' title='bbox 1182 1437 1220 1508; x_wconf 79' lang='lat'>1,]</span> 
     </span>
    </p>
   </div>
   <div class='ocr_carea' id='block_1_8' title="bbox 400 1596 947 1666">
    <p class='ocr_par' dir='ltr' id='par_1_8' title="bbox 400 1596 947 1666">
     <span class='ocr_line' id='line_1_11' title="bbox 400 1596 947 1666; baseline -0.002 -17"><span class='ocrx_word' id='word_1_60' title='bbox 400 1596 456 1649; x_wconf 74' lang='lat' dir='ltr'>Tne</span> <span class='ocrx_word' id='word_1_61' title='bbox 468 1614 558 1650; x_wconf 77' lang='lat' dir='ltr'>course</span> <span class='ocrx_word' id='word_1_62' title='bbox 572 1597 606 1666; x_wconf 88' lang='lat' dir='ltr'>of</span> <span class='ocrx_word' id='word_1_63' title='bbox 617 1597 657 1650; x_wconf 75' lang='lat' dir='ltr'>the</span> <span class='ocrx_word' id='word_1_64' title='bbox 671 1598 809 1666; x_wconf 83' lang='lat' dir='ltr'>projected</span> <span class='ocrx_word' id='word_1_65' title='bbox 820 1598 947 1665; x_wconf 81' lang='lat' dir='ltr'>jonrney.</span> 
     </span>
    </p>
   </div>
   <div class='ocr_carea' id='block_1_9' title="bbox 124 1711 1070 1898">
    <p class='ocr_par' dir='ltr' id='par_1_9' title="bbox 124 1711 1070 1898">
     <span class='ocr_line' id='line_1_12' title="bbox 124 1711 1070 1793; baseline 0.002 -20"><span class='ocrx_word' id='word_1_66' title='bbox 124 1712 174 1774; x_wconf 88' lang='lat'>16.</span> <span class='ocrx_word' id='word_1_67' title='bbox 610 1761 615 1773; x_wconf 92' lang='lat'>.</span> <span class='ocrx_word' id='word_1_68' title='bbox 644 1761 650 1773; x_wconf 93' lang='lat'><strong><em>.</em></strong></span> <span class='ocrx_word' id='word_1_69' title='bbox 676 1761 682 1773; x_wconf 94' lang='lat'><strong>.</strong></span> <span class='ocrx_word' id='word_1_70' title='bbox 707 1721 750 1786; x_wconf 91' lang='lat' dir='ltr'>et,</span> <span class='ocrx_word' id='word_1_71' title='bbox 768 1731 871 1793; x_wconf 84' lang='lat' dir='ltr'>saepe</span> <span class='ocrx_word' id='word_1_72' title='bbox 887 1711 976 1793; x_wconf 91' lang='lat' dir='ltr'>quod</span> <span class='ocrx_word' id='word_1_73' title='bbox 993 1721 1070 1775; x_wconf 87' lang='lat' dir='ltr'>ante</span> 
     </span>
     <span class='ocr_line' id='line_1_13' title="bbox 208 1815 947 1898; baseline -0.001 -18"><span class='ocrx_word' id='word_1_74' title='bbox 208 1815 340 1898; x_wconf 85' lang='lat' dir='ltr'>optasti,</span> <span class='ocrx_word' id='word_1_75' title='bbox 357 1816 445 1879; x_wconf 83' lang='lat' dir='ltr'>freta</span> <span class='ocrx_word' id='word_1_76' title='bbox 464 1816 651 1891; x_wconf 83' lang='lat' dir='ltr'>Messanae,</span> <span class='ocrx_word' id='word_1_77' title='bbox 671 1816 802 1897; x_wconf 86' lang='lat' dir='ltr'>Regina</span> <span class='ocrx_word' id='word_1_78' title='bbox 818 1816 947 1879; x_wconf 92' lang='lat' dir='ltr'>uidebis</span> 
     </span>
    </p>
   </div>
   <div class='ocr_carea' id='block_1_10' title="bbox 207 1919 1220 2093">
    <p class='ocr_par' dir='ltr' id='par_1_10' title="bbox 207 1919 1220 2093">
     <span class='ocr_line' id='line_1_14' title="bbox 207 1919 1122 2002; baseline 0.001 -19"><span class='ocrx_word' id='word_1_79' title='bbox 207 1920 349 1995; x_wconf 90' lang='lat' dir='ltr'>moenia,</span> <span class='ocrx_word' id='word_1_80' title='bbox 366 1930 437 1983; x_wconf 89' lang='lat' dir='ltr'>tum</span> <span class='ocrx_word' id='word_1_81' title='bbox 454 1919 606 2000; x_wconf 87' lang='lat' dir='ltr'>Liparas,</span> <span class='ocrx_word' id='word_1_82' title='bbox 626 1921 824 1983; x_wconf 92' lang='lat' dir='ltr'>Phacelinae</span> <span class='ocrx_word' id='word_1_83' title='bbox 840 1922 967 2002; x_wconf 84' lang='lat' dir='ltr'>templa</span> <span class='ocrx_word' id='word_1_84' title='bbox 984 1921 1122 1984; x_wconf 90' lang='lat' dir='ltr'>Dianae.</span> 
     </span>
     <span class='ocr_line' id='line_1_15' title="bbox 666 2021 1220 2093; baseline 0 -19"><span class='ocrx_word' id='word_1_85' title='bbox 666 2021 772 2075; x_wconf 88' lang='lat' dir='ltr'>Probus</span> <span class='ocrx_word' id='word_1_86' title='bbox 784 2037 889 2090; x_wconf 89' lang='lat' dir='ltr'>proem.</span> <span class='ocrx_word' id='word_1_87' title='bbox 905 2039 1005 2076; x_wconf 91' lang='lat' dir='ltr'>comm.</span> <span class='ocrx_word' id='word_1_88' title='bbox 1020 2023 1048 2074; x_wconf 93' lang='lat' dir='ltr'>in</span> <span class='ocrx_word' id='word_1_89' title='bbox 1061 2025 1144 2093; x_wconf 88' lang='lat' dir='ltr'>Verg.</span> <span class='ocrx_word' id='word_1_90' title='bbox 1159 2023 1220 2075; x_wconf 86' lang='lat' dir='ltr'>Ecl.</span> 
     </span>
    </p>
   </div>
   <div class='ocr_carea' id='block_1_11' title="bbox 301 2189 1040 2262">
    <p class='ocr_par' dir='ltr' id='par_1_11' title="bbox 301 2189 1040 2262">
     <span class='ocr_line' id='line_1_16' title="bbox 301 2189 1040 2262; baseline 0.003 -18"><span class='ocrx_word' id='word_1_91' title='bbox 301 2191 355 2245; x_wconf 75' lang='lat' dir='ltr'>Tne</span> <span class='ocrx_word' id='word_1_92' title='bbox 367 2189 497 2244; x_wconf 76' lang='lat' dir='ltr'>dr&#39;stonoes</span> <span class='ocrx_word' id='word_1_93' title='bbox 510 2209 556 2244; x_wconf 85' lang='lat' dir='ltr'>are</span> <span class='ocrx_word' id='word_1_94' title='bbox 569 2191 701 2261; x_wconf 83' lang='lat' dir='ltr'>caresully</span> <span class='ocrx_word' id='word_1_95' title='bbox 712 2192 846 2244; x_wconf 77' lang='lat' dir='ltr'>estimated</span> <span class='ocrx_word' id='word_1_96' title='bbox 853 2193 929 2261; x_wconf 86' lang='lat' dir='ltr'>from</span> <span class='ocrx_word' id='word_1_97' title='bbox 942 2210 958 2245; x_wconf 86' lang='lat' dir='ltr'>a</span> <span class='ocrx_word' id='word_1_98' title='bbox 971 2210 1040 2262; x_wconf 86' lang='lat' dir='ltr'>mup,</span> 
     </span>
    </p>
   </div>
   <div class='ocr_carea' id='block_1_12' title="bbox 122 2307 939 2390">
    <p class='ocr_par' dir='ltr' id='par_1_12' title="bbox 122 2307 939 2390">
     <span class='ocr_line' id='line_1_17' title="bbox 122 2307 939 2390; baseline -0.001 -19"><span class='ocrx_word' id='word_1_99' title='bbox 122 2324 174 2384; x_wconf 87' lang='lat'>17.</span> <span class='ocrx_word' id='word_1_100' title='bbox 687 2356 692 2368; x_wconf 95' lang='lat'><em>.</em></span> <span class='ocrx_word' id='word_1_101' title='bbox 719 2357 725 2368; x_wconf 94' lang='lat'><em>.</em></span> <span class='ocrx_word' id='word_1_102' title='bbox 752 2357 758 2368; x_wconf 90' lang='lat'>.</span> <span class='ocrx_word' id='word_1_103' title='bbox 784 2307 939 2390; x_wconf 90' lang='lat' dir='ltr'>uiamque</span> 
     </span>
    </p>
   </div>
   <div class='ocr_carea' id='block_1_13' title="bbox 207 2410 1211 2549">
    <p class='ocr_par' dir='ltr' id='par_1_13' title="bbox 207 2410 1211 2549">
     <span class='ocr_line' id='line_1_18' title="bbox 207 2410 1211 2549; baseline 0.001 -75"><span class='ocrx_word' id='word_1_104' title='bbox 207 2411 420 2493; x_wconf 86' lang='lat' dir='ltr'>degrumabis</span> <span class='ocrx_word' id='word_1_105' title='bbox 436 2411 483 2474; x_wconf 87' lang='lat' dir='ltr'>uti</span> <span class='ocrx_word' id='word_1_106' title='bbox 499 2410 616 2474; x_wconf 87' lang='lat' dir='ltr'>castris</span> <span class='ocrx_word' id='word_1_107' title='bbox 633 2430 766 2474; x_wconf 90' lang='lat' dir='ltr'>mensor</span> <span class='ocrx_word' id='word_1_108' title='bbox 781 2412 863 2475; x_wconf 85' lang='lat' dir='ltr'>facit</span> <span class='ocrx_word' id='word_1_109' title='bbox 879 2412 965 2475; x_wconf 92' lang='lat' dir='ltr'>olim.</span> <span class='ocrx_word' id='word_1_110' title='bbox 1045 2483 1110 2534; x_wconf 89' lang='lat' dir='ltr'>Non</span> <span class='ocrx_word' id='word_1_111' title='bbox 1135 2481 1169 2549; x_wconf 84' lang='lat'>63</span> <span class='ocrx_word' id='word_1_112' title='bbox 1192 2496 1211 2547; x_wconf 68' lang='grc'>4</span> 
     </span>
    </p>
   </div>
   <div class='ocr_carea' id='block_1_14' title="bbox 358 2608 979 2678">
    <p class='ocr_par' dir='ltr' id='par_1_14' title="bbox 358 2608 979 2678">
     <span class='ocr_line' id='line_1_19' title="bbox 358 2608 979 2678; baseline 0 -17"><span class='ocrx_word' id='word_1_113' title='bbox 358 2608 439 2662; x_wconf 83' lang='lat' dir='ltr'>From</span> <span class='ocrx_word' id='word_1_114' title='bbox 451 2609 534 2662; x_wconf 84' lang='lat' dir='ltr'>Rome</span> <span class='ocrx_word' id='word_1_115' title='bbox 547 2618 570 2661; x_wconf 77' lang='lat' dir='ltr'>to</span> <span class='ocrx_word' id='word_1_116' title='bbox 586 2608 691 2678; x_wconf 81' lang='lat' dir='ltr'>Capua,</span> <span class='ocrx_word' id='word_1_117' title='bbox 704 2611 794 2662; x_wconf 77' lang='lat' dir='ltr'>thence</span> <span class='ocrx_word' id='word_1_118' title='bbox 807 2619 831 2663; x_wconf 83' lang='lat' dir='ltr'>to</span> <span class='ocrx_word' id='word_1_119' title='bbox 843 2611 883 2663; x_wconf 72' lang='lat' dir='ltr'>the</span> <span class='ocrx_word' id='word_1_120' title='bbox 894 2610 979 2663; x_wconf 74' lang='lat' dir='ltr'>struit.</span> 
     </span>
    </p>
   </div>
   <div class='ocr_carea' id='block_1_15' title="bbox 122 2725 1130 2807">
    <p class='ocr_par' dir='ltr' id='par_1_15' title="bbox 122 2725 1130 2807">
     <span class='ocr_line' id='line_1_20' title="bbox 122 2725 1130 2807; baseline 0.001 -19"><span class='ocrx_word' id='word_1_121' title='bbox 122 2727 173 2791; x_wconf 84' lang='lat'>18.</span> <span class='ocrx_word' id='word_1_122' title='bbox 541 2774 547 2786; x_wconf 92' lang='lat'>.</span> <span class='ocrx_word' id='word_1_123' title='bbox 574 2773 579 2786; x_wconf 95' lang='lat'><strong>.</strong></span> <span class='ocrx_word' id='word_1_124' title='bbox 606 2774 611 2786; x_wconf 95' lang='lat'>.</span> <span class='ocrx_word' id='word_1_125' title='bbox 637 2725 688 2788; x_wconf 92' lang='lat' dir='ltr'>bis</span> <span class='ocrx_word' id='word_1_126' title='bbox 704 2725 806 2807; x_wconf 92' lang='lat' dir='ltr'>quina</span> <span class='ocrx_word' id='word_1_127' title='bbox 822 2736 984 2806; x_wconf 86' lang='lat' dir='ltr'>octogena</span> <span class='ocrx_word' id='word_1_128' title='bbox 1003 2726 1130 2789; x_wconf 89' lang='lat' dir='ltr'>uidebis</span> 
     </span>
    </p>
   </div>
   <div class='ocr_carea' id='block_1_16' title="bbox 206 2828 1218 2984">
    <p class='ocr_par' dir='ltr' id='par_1_16' title="bbox 206 2828 1218 2984">
     <span class='ocr_line' id='line_1_21' title="bbox 206 2828 1156 2911; baseline -0.001 -18"><span class='ocrx_word' id='word_1_129' title='bbox 206 2828 378 2903; x_wconf 89' lang='lat' dir='ltr'>conmoda,</span> <span class='ocrx_word' id='word_1_130' title='bbox 395 2837 475 2892; x_wconf 93' lang='lat' dir='ltr'>tunc</span> <span class='ocrx_word' id='word_1_131' title='bbox 492 2828 609 2909; x_wconf 90' lang='lat' dir='ltr'>Capua</span> <span class='ocrx_word' id='word_1_132' title='bbox 625 2828 867 2911; x_wconf 86' lang='lat' dir='ltr'>quinquaginta</span> <span class='ocrx_word' id='word_1_133' title='bbox 884 2840 983 2911; x_wconf 84' lang='lat' dir='ltr'>atque</span> <span class='ocrx_word' id='word_1_134' title='bbox 1000 2838 1156 2893; x_wconf 87' lang='lat' dir='ltr'>trecenta.</span> 
     </span>
     <span class='ocr_line' id='line_1_22' title="bbox 1009 2930 1218 2984; baseline 0 -1"><span class='ocrx_word' id='word_1_135' title='bbox 1009 2933 1083 2984; x_wconf 92' lang='lat' dir='ltr'>Non.</span> <span class='ocrx_word' id='word_1_136' title='bbox 1099 2930 1160 2983; x_wconf 81' lang='lat'><strong>266.</strong></span> <span class='ocrx_word' id='word_1_137' title='bbox 1175 2931 1218 2983; x_wconf 84' lang='lat'>26.</span> 
     </span>
    </p>
   </div>
   <div class='ocr_carea' id='block_1_17' title="bbox 270 3037 1066 3107">
    <p class='ocr_par' dir='ltr' id='par_1_17' title="bbox 270 3037 1066 3107">
     <span class='ocr_line' id='line_1_23' title="bbox 270 3037 1066 3107; baseline -0.003 -17"><span class='ocrx_word' id='word_1_138' title='bbox 270 3037 295 3089; x_wconf 80' lang='lat' dir='ltr'><em>A</em></span> <span class='ocrx_word' id='word_1_139' title='bbox 310 3037 411 3106; x_wconf 70' lang='lat' dir='ltr'>humeln</span> <span class='ocrx_word' id='word_1_140' title='bbox 423 3038 508 3090; x_wconf 76' lang='lat' dir='ltr'>native</span> <span class='ocrx_word' id='word_1_141' title='bbox 522 3038 557 3106; x_wconf 90' lang='lat' dir='ltr'>of</span> <span class='ocrx_word' id='word_1_142' title='bbox 565 3037 685 3089; x_wconf 80' lang='lat' dir='ltr'>Bouillae</span> <span class='ocrx_word' id='word_1_143' title='bbox 697 3038 787 3089; x_wconf 79' lang='lat' dir='ltr'>makes</span> <span class='ocrx_word' id='word_1_144' title='bbox 795 3037 852 3106; x_wconf 84' lang='lat' dir='ltr'>fun</span> <span class='ocrx_word' id='word_1_145' title='bbox 863 3037 913 3106; x_wconf 88' lang='lat' dir='ltr'>for</span> <span class='ocrx_word' id='word_1_146' title='bbox 925 3039 965 3090; x_wconf 79' lang='lat' dir='ltr'>the</span> <span class='ocrx_word' id='word_1_147' title='bbox 976 3047 1066 3107; x_wconf 79' lang='lat' dir='ltr'>party.</span> 
     </span>
    </p>
   </div>
   <div class='ocr_carea' id='block_1_18' title="bbox 121 3128 1217 3352">
    <p class='ocr_par' dir='ltr' id='par_1_18' title="bbox 121 3128 1217 3352">
     <span class='ocr_line' id='line_1_24' title="bbox 121 3128 1152 3233; baseline 0 -18"><span class='ocrx_word' id='word_1_148' title='bbox 121 3172 169 3233; x_wconf 87' lang='lat'>19.</span> <span class='ocrx_word' id='word_1_149' title='bbox 203 3152 349 3216; x_wconf 91' lang='lat' dir='ltr'>broncus</span> <span class='ocrx_word' id='word_1_150' title='bbox 367 3152 568 3227; x_wconf 89' lang='lat' dir='ltr'>Bouillanus,</span> <span class='ocrx_word' id='word_1_151' title='bbox 587 3153 687 3215; x_wconf 88' lang='lat' dir='ltr'>dente</span> <span class='ocrx_word' id='word_1_152' title='bbox 704 3128 845 3215; x_wconf 89' lang='lat' dir='ltr'>aduerso</span> <span class='ocrx_word' id='word_1_153' title='bbox 861 3151 1006 3216; x_wconf 92' lang='lat' dir='ltr'>eminulo</span> <span class='ocrx_word' id='word_1_154' title='bbox 1023 3153 1076 3216; x_wconf 86' lang='lat' dir='ltr'>hic</span> <span class='ocrx_word' id='word_1_155' title='bbox 1093 3164 1152 3228; x_wconf 85' lang='lat' dir='ltr'>est,</span> 
     </span>
     <span class='ocr_line' id='line_1_25' title="bbox 204 3256 1217 3352; baseline -0.001 -33"><span class='ocrx_word' id='word_1_156' title='bbox 204 3256 396 3321; x_wconf 87' lang='lat' dir='ltr'>rhinoceros</span> <span class='ocrx_word' id='word_1_157' title='bbox 413 3258 504 3320; x_wconf 90' lang='lat' dir='ltr'>uelut</span> <span class='ocrx_word' id='word_1_158' title='bbox 520 3257 709 3337; x_wconf 88' lang='lat' dir='ltr'>Aethiopus</span> <span class='ocrx_word' id='word_1_159' title='bbox 1029 3283 1103 3334; x_wconf 90' lang='lat' dir='ltr'>Non.</span> <span class='ocrx_word' id='word_1_160' title='bbox 1119 3296 1162 3352; x_wconf 85' lang='lat'>25·</span> <span class='ocrx_word' id='word_1_161' title='bbox 1174 3295 1217 3349; x_wconf 58' lang='lat'>27,</span> 
     </span>
    </p>
   </div>
   <div class='ocr_carea' id='block_1_19' title="bbox 432 3454 905 3522">
    <p class='ocr_par' dir='ltr' id='par_1_19' title="bbox 432 3454 905 3522">
     <span class='ocr_line' id='line_1_26' title="bbox 432 3454 905 3522; baseline 0 -16"><span class='ocrx_word' id='word_1_162' title='bbox 432 3454 485 3507; x_wconf 76' lang='lat' dir='ltr'>Tne</span> <span class='ocrx_word' id='word_1_163' title='bbox 498 3456 576 3507; x_wconf 64' lang='lat' dir='ltr'>roonis</span> <span class='ocrx_word' id='word_1_164' title='bbox 589 3472 634 3506; x_wconf 86' lang='lat' dir='ltr'>ore</span> <span class='ocrx_word' id='word_1_165' title='bbox 648 3455 675 3504; x_wconf 83' lang='lat' dir='ltr'>in</span> <span class='ocrx_word' id='word_1_166' title='bbox 688 3472 754 3522; x_wconf 87' lang='lat' dir='ltr'>poor</span> <span class='ocrx_word' id='word_1_167' title='bbox 765 3455 905 3516; x_wconf 78' lang='lat' dir='ltr'>condition,</span> 
     </span>
    </p>
   </div>
   <div class='ocr_carea' id='block_1_20' title="bbox 118 3569 1216 3742">
    <p class='ocr_par' dir='ltr' id='par_1_20' title="bbox 118 3569 1216 3742">
     <span class='ocr_line' id='line_1_27' title="bbox 118 3569 1167 3653; baseline -0.003 -18"><span class='ocrx_word' id='word_1_168' title='bbox 118 3587 170 3637; x_wconf 86' lang='lat'>20.</span> <span class='ocrx_word' id='word_1_169' title='bbox 203 3580 377 3653; x_wconf 87' lang='lat' dir='ltr'>praeterea</span> <span class='ocrx_word' id='word_1_170' title='bbox 393 3589 491 3632; x_wconf 90' lang='lat' dir='ltr'>omne</span> <span class='ocrx_word' id='word_1_171' title='bbox 508 3570 569 3632; x_wconf 87' lang='lat' dir='ltr'>iter</span> <span class='ocrx_word' id='word_1_172' title='bbox 584 3580 635 3631; x_wconf 84' lang='lat' dir='ltr'>est</span> <span class='ocrx_word' id='word_1_173' title='bbox 652 3571 715 3632; x_wconf 93' lang='lat' dir='ltr'>hoc</span> <span class='ocrx_word' id='word_1_174' title='bbox 731 3569 882 3632; x_wconf 88' lang='lat' dir='ltr'>labosum</span> <span class='ocrx_word' id='word_1_175' title='bbox 899 3578 997 3652; x_wconf 88' lang='lat' dir='ltr'>atque</span> <span class='ocrx_word' id='word_1_176' title='bbox 1014 3570 1167 3632; x_wconf 84' lang='lat' dir='ltr'>lutosum.</span> 
     </span>
     <span class='ocr_line' id='line_1_28' title="bbox 1007 3671 1216 3742; baseline -0.01 -18"><span class='ocrx_word' id='word_1_177' title='bbox 1007 3672 1081 3724; x_wconf 89' lang='lat' dir='ltr'>Non.</span> <span class='ocrx_word' id='word_1_178' title='bbox 1095 3671 1157 3742; x_wconf 88' lang='lat'><strong>489.</strong></span> <span class='ocrx_word' id='word_1_179' title='bbox 1176 3685 1216 3724; x_wconf 85' lang='lat'>11.</span> 
     </span>
    </p>
   </div>
   <div class='ocr_carea' id='block_1_21' title="bbox 0 0 1346 4094">
    <p class='ocr_par' dir='ltr' id='par_1_21' title="bbox 0 0 1346 4094">
     <span class='ocr_line' id='line_1_29' title="bbox 0 0 1346 4094; baseline 0 0"><span class='ocrx_word' id='word_1_180' title='bbox 0 0 1346 4094; x_wconf 95' lang='lat' dir='ltr'> </span> 
     </span>
    </p>
   </div>
  </div>
 </body>
</html>
