2684 4094
96 245 155 324 158
325 322 328 326 ¹
358 256 568 307 saxoneum
592 256 637 308 or
660 256 786 308 Rouxu
811 255 938 307 sanna

145 410 401 494 quiescentibus,
431 412 571 476 extimae
602 413 771 497 plumulae
802 413 942 476 tenellae
970 435 1010 477 ac
1038 415 1210 482 delicatae

145 515 284 578 tremule
312 517 511 579 resultantes
538 516 686 600 inquieta
713 516 897 580 lasciuiunt.
952 528 1106 582 ceterum
1139 541 1210 583 cor-

146 641 208 701 pus
247 619 426 702 glabellum
466 630 565 702 atque
599 620 802 684 luculentum
834 631 867 684 et
897 622 995 703 quale
1027 624 1208 704 peperisse

145 725 311 788 Venerem
339 746 406 788 non
434 724 627 806 paeniteret.
690 734 767 786 ante
795 725 907 788 lectuli
935 726 1038 806 pedes
1071 727 1208 791 iacebat

107 848 240 901 5arcus
278 840 311 893 et
349 830 505 911 pharetra
544 837 578 890 et
617 827 768 910 sagittae,
808 828 921 910 magni
960 829 1014 892 dei
1054 832 1208 912 propitia

143 932 219 994 tela,

188 1055 241 1113 23.
267 1058 353 1120 quae
375 1038 454 1100 dum
475 1035 787 1100 insatiabilianimo
811 1038 938 1121 Psyche
961 1038 1040 1100 satis
1063 1049 1099 1102 et
1121 1041 1206 1103 curi-

144 1161 201 1202 osa
235 1141 372 1204 rimatur
404 1151 503 1223 atque
539 1149 727 1221 pertrectat,
763 1150 797 1203 et
831 1141 939 1203 mariti
974 1141 1025 1203 sui
1059 1143 1206 1207 miratur

143 1264 244 1321 arma,
268 1245 432 1327 depromit
456 1264 555 1306 unam
579 1244 620 1306 de
644 1245 802 1325 pharetra
826 1244 990 1325 sagittam,
1013 1256 1048 1309 et
1071 1258 1205 1328 puncto

92 1376 119 1406 10
144 1349 271 1429 pollicis
291 1359 471 1417 extremam
491 1348 595 1411 aciem
617 1347 883 1430 periclitabunda
904 1349 1078 1412 trementis
1098 1351 1204 1414 etiam

143 1472 231 1516 nunc
255 1453 383 1517 articuli
407 1453 481 1515 nisu
506 1452 641 1515 fortiore
667 1451 810 1533 pupugit
834 1452 941 1528 altius,
966 1463 1003 1516 ut
1029 1473 1090 1534 per
1114 1475 1205 1518 sum-

143 1577 231 1619 mam
251 1568 359 1621 cutem
382 1556 565 1620 rorauerint
588 1556 746 1637 paruulae
769 1555 942 1637 sanguinis
963 1557 1049 1619 rosei
1070 1569 1202 1639 guttae.

115 1710 118 1714 .
143 1661 189 1724 sic
216 1662 332 1742 ignara
362 1662 491 1745 Psyche
519 1669 639 1741 sponte
666 1659 700 1722 in
729 1660 864 1722 Amoris
892 1660 1006 1722 incidit
1036 1681 1200 1727 amorem.

142 1774 221 1829 tunc
264 1766 370 1847 magis
413 1765 585 1846 magisque
627 1763 782 1845 cupidine
822 1763 968 1844 flagrans
1009 1765 1202 1846 Cupidinis

91 1896 117 1940 ις
143 1889 247 1948 prona
271 1869 304 1930 in
329 1889 404 1931 eum
429 1868 574 1931 efflictim
597 1867 739 1942 inhians,
762 1867 883 1948 patulis
906 1888 944 1930 ac
969 1868 1203 1949 petulantibus
1262 1878 1265 1885 ’

143 1972 242 2034 sauiis
262 1974 461 2035 festinanter
481 1971 629 2052 ingestis,
647 1971 688 2033 de
709 1971 816 2033 somni
835 1991 992 2034 mensura
1015 1973 1200 2038 metuebat.

143 2077 200 2138 sed
232 2077 311 2139 dum
342 2077 430 2138 bono
462 2085 556 2138 tanto
592 2070 718 2157 percita
753 2075 865 2137 saucia
899 2085 1011 2138 mente
1046 2076 1200 2156 fluctuat,

142 2179 276 2242 lucerna
303 2179 366 2255 illa,
392 2180 463 2242 siue
490 2179 628 2261 perfidia
656 2179 811 2261 pessima,
836 2179 907 2241 siue
933 2179 1059 2241 inuidia
1086 2182 1212 2259 noxia,-

142 2283 213 2345 siue
243 2284 332 2366 quod
363 2284 429 2346 tale
460 2304 581 2365 corpus
613 2283 807 2364 contingere
831 2293 864 2345 et
888 2282 982 2365 quasi
1008 2283 1141 2347 basiare
1166 2296 1202 2349 et

90 2418 126 2468 ω,
141 2387 214 2467 ipsa
245 2388 418 2468 gestiebat,
444 2387 590 2450 euomuit
614 2387 656 2449 de
684 2407 814 2449 summa
837 2387 970 2449 luminis
997 2387 1048 2449 sui
1072 2388 1200 2452 stillam

142 2491 302 2554 feruentis
325 2491 388 2553 olei
410 2512 510 2572 super
526 2511 677 2553 umerum
694 2490 747 2552 dei
763 2491 944 2552 dexterum.
993 2491 1069 2553 hem
1086 2493 1202 2556 audax

142 2604 174 2656 et
195 2595 370 2657 temeraria
394 2596 529 2657 lucerna
552 2605 585 2657 et
609 2594 730 2656 amoris
753 2594 816 2656 uile
838 2594 1065 2670 ministerium,
1083 2595 1199 2676 ipsum

141 2698 227 2778 ignis
257 2699 358 2760 totius
390 2699 560 2762 dominum
593 2699 713 2774 aduris,
743 2720 818 2761 cum
849 2708 882 2761 te
914 2697 1038 2762 scilicet
1065 2709 1201 2764 amator

141 2801 267 2883 aliquis,
285 2812 321 2864 ut
345 2802 468 2864 diutius
492 2803 612 2884 cupitis
636 2803 735 2865 etiam
759 2812 857 2865 nocte
880 2802 1049 2884 potiretur,
1068 2803 1200 2883 primus

88 2935 115 2979 ας
141 2905 322 2968 inuenerit!
377 2906 423 2969 sic
456 2908 585 2970 inustus
618 2908 729 2970 exiluit
757 2908 848 2982 deus,
875 2906 1013 2988 uisaque
1041 2906 1200 2972 defectae

141 3009 217 3071 fidei
233 3010 374 3072 colluuie
393 3032 527 3091 prorsus
544 3032 584 3074 ex
600 3011 703 3074 oculis
719 3020 752 3073 et
772 3011 925 3073 manibus
946 3009 1200 3076 infelicissimae

141 3113 291 3195 coniugis
308 3114 428 3177 tacitus
445 3115 598 3177 auolauit.
669 3133 722 3191 24.
748 3124 782 3177 at
803 3115 941 3198 Psyche,
959 3114 1069 3176 statim
1089 3134 1200 3177 resur-

141 3217 250 3297 gentis
282 3218 352 3280 eius
385 3238 479 3282 crure
510 3218 645 3280 dextero
674 3217 826 3280 manibus
854 3216 1014 3280 ambabus
1042 3218 1197 3299 adrepto,

141 3321 289 3384 sublimis
315 3321 495 3385 euectionis
518 3320 686 3402 adpendix
710 3321 905 3396 miseranda,
923 3330 957 3384 et
981 3341 1039 3402 per
1062 3321 1199 3386 nubilas

87 3454 117 3498 30
141 3426 259 3507 plagas
289 3425 424 3507 penduli
452 3425 628 3488 comitatus
660 3434 807 3487 extrema
838 3425 1026 3507 consequia,
1055 3425 1198 3490 tandem

140 3531 231 3592 fessa
245 3529 408 3595 delabitur
421 3529 498 3591 solo.
540 3548 599 3590 nec
613 3528 695 3589 deus
712 3539 839 3590 amator
852 3528 943 3590 humi
960 3528 1123 3592 iacentem
1141 3530 1199 3592 de-

141 3652 264 3709 serens,
285 3632 447 3696 inuolauit
470 3631 652 3713 proximam
676 3650 880 3711 cupressum,
901 3632 1008 3714 deque
1031 3631 1102 3693 eius
1125 3633 1198 3697 alto
