2684 4094
585 269 754 319 sumnus
1164 274 1221 340 171

170 427 292 491 uuhrus
313 435 480 510 grauaret,
496 426 616 508 partim
635 445 678 488 ne
694 427 776 488 ‘cum
800 445 860 488 sua
883 425 996 506 cupita
1019 427 1221 490 conueniret.

171 531 314 613 sicergo
333 531 487 594 distentis
505 540 539 593 et
558 529 619 593 sub
639 550 705 592 uno
725 539 813 592 tecto
836 531 998 611 separatis
1019 531 1222 595 amatoribus
1304 532 1307 537 ’

169 645 256 698 tetra
271 656 337 699 nox
352 635 532 698 exanclata.

215 738 275 802 sed
301 759 420 802 aurora
442 739 654 802 commodum
677 737 883 820 inequitante
910 749 1048 802 uocatae
1073 740 1222 823 Psychae

133 871 147 918 5
170 845 287 907 Venus
302 842 375 905 infit
390 842 487 905 talia:
513 842 671 905 ‘uidesne
683 842 763 904 illud
783 862 901 904 nemus
917 843 1005 924 quod
1018 843 1118 905 fluuio
1132 864 1223 924 prae-

171 946 327 1010 terluenti
353 945 499 1029 ripisque
526 945 635 1027 longis
658 945 848 1020 attenditur,
873 946 967 1008 cuius
994 946 1051 1009 imi
1073 947 1222 1028 gurgites

171 1050 318 1113 uicinum
341 1051 470 1113 fontem
497 1049 708 1131 despiciunt?
735 1069 815 1113 oues
842 1048 887 1111 ibi
914 1049 1058 1112 nitentes
1085 1050 1222 1132 aurique

171 1155 280 1217 colore
307 1154 464 1217 florentes
491 1153 692 1216 incustodito
720 1163 818 1234 pastu
846 1163 1018 1234 uagantur.
1076 1154 1153 1216 inde
1180 1155 1222 1217 de
1260 1236 1265 1243 .

171 1278 267 1321 coma
293 1257 430 1339 pretiosi
455 1257 589 1320 uelleris
616 1257 756 1320 floccum
783 1257 864 1319 mihi
886 1257 1062 1320 confestim
1088 1279 1222 1340 quoquo

119 1393 147 1424 10
172 1362 271 1425 modo
293 1361 481 1444 quaesitum
504 1361 628 1424 afferas
651 1361 793 1424 censeo!

218 1483 270 1530 12.
296 1465 440 1546 perrexit
462 1465 592 1549 Psyche
610 1465 762 1527 uolenter
781 1484 849 1527 non
870 1464 1066 1547 obsequium
1087 1465 1222 1547 quidem

172 1569 227 1631 illa
249 1569 405 1632 iunctura
428 1569 488 1631 sed
511 1568 659 1650 requiem
681 1569 842 1631 malorum
865 1568 1059 1650 praecipitio
1080 1569 1222 1632 fluuialis

107 1682 114 1692 '
171 1673 264 1754 rupis
294 1673 456 1736 habitura.
518 1672 577 1735 sed
607 1672 686 1735 inde
716 1672 758 1735 de
789 1672 890 1735 fluuio
926 1672 1076 1735 Musicae
1110 1673 1222 1735 suauis

171 1777 336 1840 nutricula
362 1776 429 1839 leni
456 1776 584 1858 crepitu
612 1776 717 1839 dulcis
744 1796 845 1839 aurae
872 1776 1031 1838 diuinitus
1061 1776 1222 1857 inspirata

120 1911 146 1957 ις
171 1880 218 1943 sic
238 1880 435 1943 uaticinatur
451 1880 579 1942 arundo
598 1879 731 1942 uiridis:
757 1880 913 1964 ‘Psyche
931 1879 1032 1942 tantis
1054 1880 1222 1943 aerumnis

171 1984 324 2060 exercita,
359 2003 468 2066 neque
503 1993 560 2046 tua
594 1983 778 2046 miserrima
816 1992 922 2046 morte
959 2003 1051 2045 meas
1089 1994 1221 2047 sanctas

171 2107 274 2170 aquas
297 2086 436 2169 polluas,
453 2108 515 2150 nec
539 2107 618 2151 uero
642 2086 736 2149 istius
759 2106 837 2150 orae
856 2096 972 2150 contra
993 2087 1222 2150 formidabiles

171 2212 251 2255 oues
274 2192 364 2254 feras
385 2191 520 2254 aditum.
567 2191 678 2273 quoad
699 2191 741 2253 de
761 2191 839 2253 solis
855 2191 1030 2271 flagrantia
1051 2201 1221 2255 mutuatae

170 2297 323 2371 calorem,
355 2296 440 2359 truci
465 2294 557 2358 rabie
584 2295 691 2358 solent
718 2295 840 2370 efferri,
868 2315 1037 2376 cornuque
1064 2305 1161 2359 acuto
1188 2306 1222 2359 et

118 2433 147 2464 ω
170 2402 281 2464 fronte
312 2420 412 2464 saxea
442 2409 475 2463 et
505 2420 756 2481 nonnumquam
787 2399 962 2461 uenenatis
992 2399 1157 2461 morsibus
1187 2399 1221 2462 in

170 2505 305 2568 exitium
327 2504 456 2568 saeuire
480 2504 685 2580 mortalium;
710 2504 769 2567 sed
793 2503 871 2566 dum
895 2502 1049 2565 meridies
1073 2502 1150 2565 solis
1174 2523 1222 2565 se-

170 2609 300 2672 dauerit
321 2628 491 2691 uaporem,
509 2619 543 2672 et
566 2608 695 2690 pecuda
718 2605 854 2689 spiritus
877 2606 1019 2669 fluuialis
1042 2606 1221 2670 serenitate

170 2698 431 2795 conquieuerint,
445 2714 568 2795 poteris
586 2714 647 2775 sub
663 2713 719 2775 illa
736 2711 966 2794 procerissima
979 2710 1123 2792 platan0,
1135 2730 1221 2792 quae

170 2837 300 2880 mecum
317 2817 415 2880 simul
430 2838 533 2880 unum
550 2817 712 2879 fluentum
728 2816 819 2891 bibit,
837 2816 978 2878 latenter
997 2814 1220 2890 abscondere;

117 2949 146 2996 25
170 2930 211 2994 et,
230 2921 465 3003 cumprimum
484 2921 635 3002 mitigata
652 2920 739 2982 furia
758 2919 941 2982 laxauerint
961 2939 1041 2982 oues
1063 2918 1219 2993 animum,

171 3025 338 3107 percussis
371 3025 546 3089 frondibus
584 3024 702 3105 attigui
738 3023 883 3086 nemoris
919 3024 1070 3094 lanosum
1104 3041 1221 3084 aurum

170 3128 326 3210 reperies,
358 3130 447 3212 quod
478 3128 602 3211 passim
634 3127 791 3209 stirpibus
825 3127 958 3191 conexis
992 3125 1220 3190 obhaerescit.'

173 3252 224 3309 13.
250 3233 297 3296 sic
313 3233 441 3298 arundo
458 3233 598 3314 simplex
614 3243 647 3295 et
664 3232 810 3293 humana
827 3232 979 3315 Psychen
1001 3229 1220 3310 aegerrimam

170 3338 313 3400 salutem
340 3358 434 3401 suam
461 3337 610 3400 docebat.
658 3355 720 3398 nec
743 3335 907 3398 ascultatu
935 3333 1068 3415 penitus
1092 3332 1221 3394 intento

117 3469 146 3513 30
170 3441 347 3523 diligenter
369 3441 531 3504 instructa
554 3441 610 3503 illa
634 3439 795 3514 cessauit;
828 3439 887 3500 sed
912 3437 1095 3500 obseruatis
1121 3435 1222 3498 omni·

170 3543 232 3607 bus
263 3545 426 3607 furatrina
456 3544 548 3607 facili
578 3542 731 3606 flauentis
758 3542 830 3605 auri
856 3541 993 3604 mollitie
1023 3548 1220 3622 congestum

170 3649 333 3732 gremium
357 3648 482 3713 Veneri
504 3657 660 3733 reportat.
