2684 4094
580 281 751 332 mvnmvs
999 263 1001 266 ’
1159 273 1217 350 163

167 442 300 520 sentias,
328 441 472 525 aliquem
498 441 541 504 de
567 439 651 504 meis
677 440 911 521 adoptaturam
939 439 1095 516 uernulis‚
1122 441 1218 524 eique

167 548 364 610 donaturam
387 546 468 608 istas
493 544 613 626 pinnas
638 553 672 607 et
695 543 846 606 flammas
870 554 904 607 et
928 564 1041 606 arcum
1069 555 1102 608 et
1129 546 1219 628 ipsas

168 651 306 734 sagittas
322 660 356 713 et
372 669 504 713 omnem
521 667 629 711 meam
646 646 886 729 supellectilem
901 669 1002 730 quam
1018 649 1079 711 tibi
1095 672 1160 713 non
1178 653 1220 714 ad

169 757 230 819 hos
252 775 332 818 usus
359 752 524 816 dederam.
580 771 642 815 nec
666 750 754 814 enim
779 751 821 815 de
848 751 952 833 patris
980 754 1028 815 tui
1055 754 1151 817 bonis
1178 756 1220 818 ad

130 890 144 936 5
168 859 420 923 instructionem
432 857 529 920 istam
546 857 723 940 quicquam
739 876 935 919 concessum
952 868 1011 920 est.
1081 879 1135 936 30.
1162 861 1220 922 sed

169 964 255 1026 male
271 963 377 1045 prima
393 962 535 1045 pueritia
550 961 705 1024 inductus
721 980 767 1036 es,
784 970 817 1023 et
833 971 948 1024 acutas
968 983 1087 1025 manus
1107 964 1219 1038 habes,

169 1075 203 1130 et
226 1066 368 1130 maiores
389 1076 465 1129 tuos
489 1065 709 1127 irreuerenter
733 1063 874 1146 pulsasti
899 1065 1030 1141 totiens,
1056 1076 1088 1128 et
1115 1066 1221 1147 ipsam

170 1179 309 1234 matrem
336 1180 438 1245 tuam,
467 1189 529 1245 me,
558 1168 703 1250 inquam,
733 1168 850 1250 ipsam,
881 1169 1044 1250 parricida
1073 1170 1223 1232 denudas

170 1274 298 1350 cotidie,
323 1284 358 1336 et
384 1271 577 1354 percussisti
604 1271 747 1353 saepius,
772 1282 806 1335 et
833 1272 928 1354 quasi
950 1273 1085 1335 uiduam
1110 1274 1223 1355 utique
1315 1326 1317 1331 .

119 1402 148 1435 10
170 1377 365 1453 contemnis,
387 1396 449 1440 nec
472 1376 625 1439 uitricum
649 1385 752 1452 tuum,
770 1375 989 1439 fortissimum
1013 1377 1104 1440 illum
1127 1379 1224 1440 maxi-

171 1501 327 1564 mumque
354 1481 557 1556 bellatorem,
587 1479 715 1543 metuis.
772 1479 904 1563 quidni!
940 1482 994 1544 cui
1025 1483 1159 1564 saepius
1190 1483 1223 1543 in

170 1606 330 1667 angorem
364 1584 430 1648 mei
460 1584 652 1665 paelicatus*
675 1584 802 1665 puellas
834 1585 1013 1666 propinare
1046 1587 1223 1649 consuesti.

171 1689 230 1753 sed
248 1689 314 1753 iam
333 1689 419 1764 faxo,
438 1697 471 1750 te
489 1688 581 1750 lusus
600 1687 697 1749 huius
717 1687 895 1768 paeniteat,
914 1699 947 1752 et
969 1689 1093 1753 sentias
1114 1690 1225 1753 acidas

171 1804 205 1857 et
225 1813 356 1856 amaras
378 1792 459 1854 istas
483 1791 625 1872 nuptias.
674 1791 733 1853 sed
757 1811 845 1854 nunc
869 1792 984 1854 inrisui
1009 1793 1122 1856 habita
1146 1795 1224 1875 quid

120 1926 147 1973 15
171 1898 293 1979 agam?
331 1917 396 1978 quo
430 1915 484 1958 me
518 1895 716 1958 conferam?
754 1894 875 1978 quibus
910 1897 1015 1959 modis
1051 1898 1224 1960 stelionem

172 2001 271 2065 istum
298 1999 495 2064 cohibeam?
545 2008 702 2081 petamne
729 1998 886 2061 auxilium
914 2000 955 2062 ab
986 2001 1120 2065 inimica
1150 2023 1225 2063 mea

173 2104 368 2180 Sobrietate,
385 2124 486 2187 quam
507 2112 645 2185 propter
665 2102 763 2164 huius
784 2102 888 2184 ipsius
912 2103 1072 2167 luxuriam
1097 2106 1225 2167 offendi

173 2208 328 2291 saepius?
351 2218 386 2271 at
406 2207 550 2269 rusticae
573 2205 823 2288 squalentisque
843 2207 989 2269 feminae
1012 2209 1224 2291 conloquium

172 2312 398 2375 adhibendum
421 2310 490 2374 est!
519 2311 683 2373 horresco.
730 2330 793 2373 nec
816 2320 929 2373 tamen
953 2311 1120 2375 uindictae
1144 2315 1226 2375 sola-

119 2449 148 2480 20
172 2416 260 2479 cium
291 2414 470 2478 undeunde
503 2411 728 2496 spernendum
763 2424 822 2476 est.
884 2414 941 2477 illa
975 2416 1054 2477 mihi
1089 2437 1224 2497 prorsus

173 2520 361 2583 adhibenda
386 2528 447 2595 est,
475 2539 537 2582 nec
564 2518 632 2580 ulla
659 2518 732 2594 alia,
761 2539 846 2601 quae
874 2519 1016 2600 castiget
1043 2521 1224 2602 asperrime

172 2644 341 2705 nugonem
357 2623 467 2698 istum,
482 2623 674 2704 pharetram
691 2622 842 2703 explicet,
860 2632 895 2685 et
910 2623 1049 2703 sagittas
1065 2624 1222 2699 dearmet‚

172 2748 285 2791 arcum
301 2726 431 2802 enodet,
445 2726 578 2788 taedam
595 2725 795 2802 deflammet,
810 2725 911 2789 immo
927 2736 960 2788 et
976 2726 1085 2808 ipsum
1103 2748 1224 2808 corpus

172 2831 243 2894 eius
264 2829 445 2893 acrioribus
464 2829 618 2892 remediis
638 2830 822 2892 coherceat.
870 2839 949 2891 tunc
971 2829 1108 2892 iniuriae
1130 2851 1224 2893 meae

121 2966 148 3011 25
172 2935 301 2997 litatum
318 2933 523 3008 crediderim,
541 2953 617 2998 cum
637 2932 708 2995 eius
729 2953 850 3008 comas,
869 2954 952 3015 quas
976 2933 1046 2996 istis
1070 2935 1224 2997 manibus

173 3038 256 3101 meis
277 3037 418 3100 subinde
439 3045 549 3100 aureo
562 3036 670 3099 nitore
693 3036 879 3118 perstrinxi,
902 3037 1070 3113 deraserit,
1093 3040 1222 3119 pinnas

173 3163 256 3225 quas
272 3162 346 3204 meo
362 3140 489 3223 gremio
505 3139 652 3204 nectarei
667 3140 771 3203 fontis
787 3140 896 3215 infeci,
914 3142 1197 3221 praetotonderit.’

217 3264 271 3323 31.
297 3245 344 3309 sic
370 3245 483 3320 effata,
509 3245 601 3307 foras
629 3263 703 3307 sese
729 3244 870 3326 proripit
895 3244 1018 3307 infesta
1046 3256 1078 3307 et
1106 3256 1224 3309 stoma-

173 3350 272 3414 chata
290 3349 373 3412 biles
389 3350 569 3413 Venereas.
617 3348 769 3411 sedeam
791 3347 941 3430 protinus
964 3349 1065 3411 Ceres
1084 3359 1117 3412 et
1140 3351 1224 3413 Iuno

120 3486 149 3530 30
173 3453 417 3528 continuantur,
435 3452 607 3535 uisamque
624 3452 718 3514 uultu
734 3452 861 3514 tumido
878 3452 1050 3533 quaesiere
1066 3474 1125 3515 cur
1141 3453 1225 3516 truci

173 3556 349 3640 supercilio
375 3566 503 3618 tantam
527 3565 737 3618 uenustatem
761 3555 953 3618 micantium
977 3556 1146 3619 oculorum
1174 3578 1225 3620 co-

173 3670 308 3726 erceret.
366 3668 400 3723 at
426 3659 490 3735 illa,
517 3656 744 3740 ‘opportune'
769 3658 885 3741 inquit,
913 3658 1063 3722 ‘ardenti
1089 3680 1225 3740 prorsus
