2684 4094
118 192 155 250 18
377 197 588 245 ruhcmmms
610 196 655 246 01
679 197 803 244 uouuu
828 197 953 246 sumtus

365 351 461 419 Apollo
474 351 569 419 objects
582 360 606 402 10
619 352 659 402 tle
672 351 831 418 appellation
845 350 965 420 pulcher.

135 467 168 529 6.
249 459 401 546 [quidam
428 462 585 542 ‘pulcher
608 461 750 542 Apollo’
776 462 948 542 epitheton
974 463 1087 524 datum
1113 463 1221 544 Apol-

200 567 259 628 lini
274 565 545 647 reprehendunt;
570 565 726 645 pulchros
743 565 831 626 enim
849 586 867 626 a
884 565 1052 628 ueteribus
1068 566 1220 631 exoletos

201 666 317 729 dictos,
364 685 442 727 nam
468 673 501 728 et
526 664 615 746 apud
645 664 809 727 Lucilium
835 664 960 745 Apollo
987 666 1125 747 pulcher
1151 667 1220 730 dici

201 790 267 833 non
285 769 364 832 uult.
846 792 923 846 Seru.
938 793 967 844 ln
981 795 1051 845 Aen.
1067 794 1119 847 Ill.
1137 795 1214 864 119]

377 921 403 974 It
415 922 469 973 will
476 923 569 991 puzzle
582 938 645 974 even
658 938 674 973 a
687 923 739 991 qod
751 930 776 975 to
787 939 847 974 save
861 922 952 989 Rome,

137 1050 168 1113 7.
201 1055 266 1116 quo
283 1033 443 1115 populum
460 1033 569 1115 adque
584 1032 702 1095 urbem
718 1042 816 1114 pacto
833 1053 966 1097 seruare
983 1034 1114 1116 potissit
1151 1104 1156 1114 ¹

202 1137 343 1219 amplius
361 1138 557 1200 Romanam.
1030 1161 1137 1216 Charis,
1155 1163 1217 1230 176,

414 1306 468 1360 The
480 1307 531 1376 city
543 1308 566 1359 is
578 1324 606 1360 so
613 1310 766 1376 permeated
779 1308 838 1360 with
853 1308 916 1361 uice.

137 1422 169 1486 8.
203 1438 338 1502 serpere
353 1416 402 1482 uti
417 1437 590 1501 gangrena
607 1418 730 1481 malum
746 1419 856 1501 adque
873 1420 1061 1502 herpestica
1076 1431 1201 1503 posset.

1005 1523 1080 1574 Non.
1097 1535 1156 1588 117.
1173 1537 1216 1575 21.

172 1632 226 1685 rte
234 1641 296 1701 poet
308 1649 432 1702 manopes
444 1649 481 1684 an
493 1631 636 1684 incidental
647 1633 811 1701 compliment
824 1642 848 1686 to
861 1634 901 1686 lis
914 1634 1027 1686 mistress
1040 1634 1163 1703 Hymnis.

137 1765 170 1825 9.
183 1742 387 1829 *Hymnidis
403 1762 444 1806 ex
459 1742 546 1806 facie
561 1743 676 1805 florem
693 1743 858 1824 delegeris
874 1744 1022 1824 pulchra.

761 1845 836 1897 Don.
851 1843 879 1897 in
893 1847 958 1899 Ter.
974 1845 1049 1898 Eun.
1065 1847 1115 1901 IV.
1129 1861 1157 1912 4.
1171 1862 1215 1900 20.

568 1960 611 2030 Of
621 1963 661 2013 tle
673 1962 764 2013 same?

120 2094 171 2140 ιο.
393 2123 400 2136 .
425 2123 432 2136 .
458 2122 464 2135 .
490 2082 527 2136 ut
542 2074 744 2136 contendere
761 2092 894 2153 possem

204 2176 404 2242 Thestiados
421 2176 534 2241 Ledae
550 2186 651 2258 atque
666 2173 813 2254 Ἰξιονίης
829 2175 976 2261 ἀλόχοιο.
1006 2265 1033 2317 N
1130 2263 1147 2316 8

1034 2279 1081 2317 on.
1096 2278 1128 2333 25
1151 2302 1157 2316 .
1172 2278 1214 2330 27.

463 2356 504 2409 On
517 2373 535 2408 ο
547 2373 607 2408 man
620 2355 654 2424 of
657 2355 732 2425 fatal
745 2356 871 2424 optiness.

121 2487 171 2531 11.
204 2467 314 2531 uoltus
329 2467 409 2531 item
425 2477 462 2530 ut
477 2466 599 2530 facies:
624 2485 722 2540 mors,
739 2465 861 2529 icterus
877 2467 1021 2544 morbus,
1038 2489 1214 2534 uenenum.

1006 2572 1081 2623 Non.
1094 2569 1157 2635 426.
1172 2587 1206 2640 33

446 2649 450 2655 ’
563 2655 605 2726 Of
615 2656 655 2707 tle
668 2655 741 2707 letter
752 2672 773 2707 r.

121 2786 172 2831 12.
205 2767 338 2831 inritata
354 2787 455 2831 canes
472 2786 572 2849 quam
588 2767 688 2828 homo
704 2787 804 2847 quam
821 2767 952 2848 planius
967 2767 1055 2832 dicit.

816 2869 890 2921 Non.
905 2882 949 2936 31.
964 2883 1013 2936 213
1033 2869 1140 2924 Charis.
1159 2886 1217 2925 100.

305 2988 412 3041 Foolislt
420 2988 515 3057 people
528 3004 574 3039 are
587 2988 684 3055 always
697 2987 802 3057 loolrinq
810 2988 860 3057 sor
871 2990 942 3042 lens'
955 2991 1029 3042 teeti.

121 3118 172 3176 13.
207 3149 213 3161 .
239 3149 245 3162 .
272 3149 277 3161 .
304 3100 427 3163 nodum
445 3099 478 3161 in
495 3098 604 3180 scirpo
620 3097 757 3161 insanus
773 3099 940 3162 facessere
957 3101 1085 3182 uolgus.

768 3200 843 3252 Don.
858 3200 886 3252 in
899 3203 963 3254 Ter.
978 3200 1067 3255 Andr.
1081 3205 1117 3256 V.
1131 3218 1158 3269 4.
1173 3207 1217 3273 38.

280 3320 333 3373 The
346 3321 498 3390 trayedions
510 3321 575 3372 liunt
585 3320 636 3388 for
647 3319 853 3389 dipl-soundinq
869 3319 955 3373 Greelc
967 3324 1061 3374 words.

123 3452 173 3510 14.
206 3452 304 3513 porro
322 3431 573 3512 ‘cleinopodas'
593 3430 849 3513 ‘lychnos'que,
869 3439 906 3492 ut
925 3431 1066 3518 diximus
1086 3434 1217 3510 σεμνῶς,

206 3535 276 3598 anti
293 3535 414 3617 ‘pedes
431 3534 524 3597 lecti’
542 3543 642 3616 atque
660 3533 846 3596 ‘lucernas’
967 3577 1119 3631 Macr.V1.
1133 3592 1159 3643 4·
1177 3593 1218 3646 17·
