2684 4094
123 265 166 345 96
387 272 599 322 rnncnrnrs
620 272 665 322 or
688 272 817 322 nonin·
838 271 963 320 surina

176 432 277 495 nauit.
324 430 367 495 ad
382 451 557 505 summam,
574 451 690 494 omnes
711 439 828 512 postea
851 431 933 495 secti
956 439 1051 507 sunt;
1076 431 1160 495 adeo
1184 431 1228 494 de

92 586 94 590 .
177 555 301 617 magna
312 535 410 599 turba
423 541 441 567 ‘⁴
452 535 607 598 adhibete
618 533 636 560 ”
650 545 860 616 acceperant,
874 534 972 616 plane
989 536 1090 616 fugae
1104 555 1226 598 merae.

178 646 328 702 “munus
343 650 455 702 tamen
468 640 485 664 ’'
504 639 610 722 inquit
629 639 717 703 “tibi
735 639 862 702 dcdi’':
890 650 923 702 et
947 659 1009 720 ego
1032 639 1092 702 tibi
1115 639 1226 720 plodo.

177 753 342 824 computa,
359 752 393 807 et
411 742 470 807 tibi
489 743 564 824 plus
589 744 631 806 do
655 763 755 826 quam
778 743 900 825 accepi.
948 763 1066 805 manus
1090 763 1227 806 manum

139 835 275 923 5lauat.
343 850 398 925 46.
428 846 550 910 uideris
574 846 662 922 mihi,
688 848 934 928 Agamemnon,
959 847 1088 910 dicere:
1118 847 1227 929 “quid

177 951 239 1014 iste
255 959 388 1032 argutat
404 952 562 1014 molestus
574 951 585 1013 ?
597 951 614 976 ”
658 950 735 1033 quia
751 960 796 1026 tu,
814 949 870 1034 qui
887 960 982 1032 potes
1003 948 1141 1035 [loqui],
1158 971 1228 1013 non

176 1054 321 1136 loquere.
369 1075 436 1117 non
463 1074 499 1118 es
526 1065 660 1118 nostrae
686 1055 821 1130 fasciae,
846 1065 879 1117 et
903 1052 978 1118 ideo
1003 1074 1227 1137 pauperorum
1335 1095 1338 1099 ·

177 1157 280 1221 uerba
310 1157 450 1221 derides.
508 1158 631 1222 scimus
661 1167 694 1222 te
725 1179 804 1240 prae
835 1158 946 1221 literas
977 1159 1107 1221 fatuum
1141 1178 1226 1221 esse.

178 1261 256 1345 quid
275 1283 355 1344 ergo
377 1263 449 1325 est?
494 1262 605 1345 aliqua
622 1262 674 1326 die
698 1273 731 1326 te
755 1262 975 1344 persuadeam
995 1273 1032 1326 ut
1050 1263 1092 1325 ad
1114 1262 1228 1324 uillam

128 1398 155 1430 10
170 1366 293 1429 uenias
323 1376 356 1428 et
386 1366 502 1430 uideas
532 1366 662 1430 casulas
689 1367 843 1430 nostras?
898 1365 1106 1429 inueniemus
1137 1367 1228 1448 quod

178 1470 426 1546 manducemus,
450 1470 587 1552 pullum,
612 1491 694 1534 oua:
725 1469 811 1533 belle
839 1470 909 1545 erit,
934 1470 1034 1533 etiam
1062 1470 1089 1533 si
1116 1469 1229 1534 omnia

107 1648 114 1660 ι
178 1573 241 1638 hoc
263 1595 351 1637 anno
369 1584 552 1656 tempestas
575 1574 707 1656 dispare
732 1574 887 1656 pallauit:
915 1574 1123 1637 inueniemus
1147 1594 1229 1655 ergo

178 1677 267 1742 unde
290 1669 393 1742 saturi
409 1679 535 1741 fiamus
581 1679 696 1742 etiam
713 1678 773 1741 tibi
788 1678 969 1760 discipulus
986 1678 1104 1741 crescit
1120 1678 1229 1743 cicaro

178 1802 281 1845 meus.
328 1783 394 1845 iam
412 1791 568 1865 quattuor
583 1781 688 1864 partis
706 1782 803 1858 dicit;
828 1782 856 1845 si
879 1782 1004 1856 uixerit,
1024 1781 1162 1845 habebis
1185 1783 1229 1845 ad
1271 1838 1273 1842 ,

128 1915 154 1962 15
179 1887 265 1950 latus
282 1886 460 1950 seruulum.
508 1907 586 1948 nam
599 1887 755 1969 quicquid
767 1886 813 1949 illi
825 1897 931 1962 uacat,
945 1896 1047 1968 caput
1059 1887 1101 1950 de
1113 1886 1229 1949 tabula

179 2011 246 2053 non
262 1991 355 2055 tollit.
402 1990 595 2073 ingeniosus
611 2000 662 2054 est
678 2001 712 2054 et
726 1990 814 2054 bono
835 1992 899 2066 filo,
916 1990 1016 2054 etiam
1039 1991 1067 2053 si
1090 1990 1123 2052 in
1147 2009 1229 2053 aues

179 2095 352 2159 morbosus
368 2104 427 2159 est.
474 2115 538 2177 ego
558 2094 605 2157 illi
623 2094 688 2157 iam
711 2104 779 2158 tres
802 2095 951 2158 cardeles
974 2094 1088 2169 occidi,
1106 2104 1139 2156 et
1162 2093 1230 2157 dixi

179 2199 268 2282 quod
286 2198 439 2262 mustella
459 2198 611 2262 comedit.
659 2198 787 2262 inuenit
809 2209 922 2262 tamen
946 2198 1027 2261 alias
1051 2198 1176 2273 nenias,
1194 2207 1230 2260 et

179 2303 396 2367 libentissime
413 2303 528 2385 pingit.
575 2312 724 2366 ceterum
745 2303 810 2365 iam
829 2302 1000 2366 Graeculis
1023 2301 1147 2364 calcem
1172 2301 1230 2363 im-

128 2437 157 2469 no
180 2407 288 2488 pingit
313 2418 345 2470 et
374 2407 512 2470 Latinas
537 2406 646 2488 coepit
673 2427 740 2469 non
766 2406 852 2469 male
879 2397 1048 2489 appetere,
1073 2406 1173 2469 etiam
1201 2405 1231 2468 si

180 2511 339 2592 magister
354 2511 424 2574 eius
441 2510 502 2573 sibi
518 2510 656 2592 placens
672 2511 709 2573 fit
724 2531 786 2574 nec
806 2531 872 2573 uno
896 2510 968 2573 loco
992 2509 1150 2585 consistit,
1169 2508 1229 2572 sed

180 2613 281 2690 uenit,
302 2616 378 2679 dem
397 2614 518 2690 literas,
541 2615 599 2677 sed
623 2634 690 2676 non
714 2614 786 2677 uult
809 2614 968 2677 laborare.
1015 2623 1066 2676 est
1090 2624 1122 2676 et
1146 2612 1230 2675 alter

180 2739 248 2782 non
271 2718 404 2800 quidem
428 2719 553 2794 doctuS,
571 2719 630 2781 sed
653 2718 811 2793 curiosus
829 2717 886 2800 qui
909 2718 985 2802 plus
1008 2718 1105 2781 docet
1129 2737 1229 2798 quam

181 2822 250 2885 scit.
298 2822 410 2904 itaque
426 2820 554 2885 feriatis
570 2821 687 2884 diebus
704 2822 788 2884 solet
803 2822 938 2884 domum
956 2821 1078 2896 uenire,
1093 2831 1126 2883 et
1142 2821 1230 2902 quic-

128 2955 156 3002 25
181 2926 259 3008 quid
281 2926 421 3002 dederis
440 2936 617 2989 contentus
637 2935 696 2989 est.
744 2925 809 2988 emi
831 2945 912 3006 ergo
935 2945 1023 2987 nunc
1048 2945 1151 3006 puero
1175 2923 1230 2986 ali-

181 3040 261 3112 quot
293 3030 375 3093 libra
402 3029 576 3105 rubricata,
605 3029 682 3112 quia
707 3029 783 3093 uolo
810 3028 901 3092 illum
929 3029 972 3091 ad
990 3028 1229 3091 domusionem

181 3134 305 3216 aliquid
321 3135 363 3197 de
382 3134 452 3197 iure
473 3144 616 3215 gustare.
665 3132 766 3196 habet
789 3133 872 3196 haec
896 3152 949 3195 res
973 3152 1103 3213 panem.
1151 3152 1230 3193 nam

181 3237 283 3301 literis
301 3239 381 3301 satis
401 3238 593 3321 inquinatus
617 3247 676 3300 est.
724 3236 812 3320 quod
836 3237 864 3298 si
886 3235 1046 3311 resilierit,
1064 3235 1231 3298 destinaui

181 3341 272 3404 illum
300 3342 427 3405 artificii
454 3343 582 3416 docere,
610 3352 668 3405 aut
694 3340 915 3404 tonstreinum
942 3350 999 3402 aut
1030 3359 1230 3421 praeconem

128 3474 157 3520 30
181 3456 238 3509 aut
261 3457 350 3510 certe
374 3446 586 3521 causidicum,
610 3445 698 3528 quod
722 3444 768 3507 illi
791 3445 922 3507 auferre
946 3465 1013 3506 non
1038 3443 1143 3525 possit
1166 3442 1232 3505 nisi

182 3549 298 3614 Orcus.
346 3550 420 3613 ideo
436 3550 482 3612 illi
498 3549 618 3613 cotidie
634 3549 761 3612 clamo:
787 3553 805 3580 “
819 3547 1006 3628 Primigeni,
1024 3546 1122 3610 crede
1139 3544 1229 3622 mihi,

181 3653 335 3737 quicquid
361 3654 469 3728 discis,
494 3654 554 3717 tibi
578 3652 686 3716 discis.
739 3652 833 3714 uides
859 3651 1066 3714 Phileronem
1092 3649 1232 3714 causidi-
