2684 4094
607 257 729 307 vnxxo
820 286 823 294 λ
1178 248 1218 327 65

226 415 341 497 inquit,
360 416 539 478 ‘conuiuas
555 434 617 478 nec
633 424 743 477 mutos
764 415 876 496 legere
898 424 1038 496 oportet,
1056 415 1134 497 quia
1157 415 1220 479 elo-

226 520 362 608 quentia
377 519 411 581 in
428 520 501 582 foro
518 529 551 582 et
571 528 652 600 aput
673 519 839 593 subsellia,
858 518 1025 581 silentium
1050 539 1128 581 uero
1152 540 1219 582 non

226 623 259 684 in
283 623 437 686 conuiuio
462 633 513 686 set
540 622 573 684 in
601 622 753 686 cubiculo
780 642 855 685 esse
882 623 1002 686 debet'
1049 643 1220 685 sermones

161 752 192 788 ιο
226 726 326 808 igitur
342 726 375 789 id
394 725 555 807 temporis
576 725 748 788 habendos
769 735 884 788 censet
905 746 972 788 non
996 746 1098 807 super
1120 726 1220 788 rebus

226 830 331 893 anxiis
355 840 412 893 aut
434 829 601 904 tortuosis,
626 830 685 892 sed
713 830 877 892 iucundos
903 839 1003 911 atque
1031 829 1219 892 inuitabiles

227 943 350 996 etcum
368 933 511 1015 quadam
528 933 695 996 inlecebra
716 943 750 996 et
771 933 944 1014 voluptate
966 933 1072 1007 utiles,
1090 954 1129 996 ex
1152 934 1220 1015 qui·

226 1038 288 1100 bus
312 1037 481 1119 ingenium
506 1047 656 1099 nostrum
684 1037 857 1099 uenustius
885 1037 942 1099 fiat
973 1046 1006 1100 et
1037 1037 1217 1099 amoenius.

164 1188 167 1191 ,
229 1142 335 1223 ‘quod
351 1142 524 1222 profect0,’
542 1140 659 1223 inquit,
675 1141 832 1216 ‘eueniet
847 1140 874 1203 si
890 1141 932 1204 de
948 1140 981 1203 id
998 1161 1105 1222 genus
1121 1141 1219 1203 rebus

163 1271 192 1324 ²5
228 1245 270 1308 ad
293 1265 504 1308 communem
528 1244 616 1308 uitae
639 1265 736 1308 usum
760 1245 1004 1326 pertinentibus
1030 1245 1220 1307 confabule-

227 1369 308 1423 mur,
326 1349 504 1430 dequibus
525 1349 558 1410 in
574 1350 648 1412 foro
663 1359 764 1430 atque
783 1348 815 1410 in
841 1348 983 1429 negotiis
1007 1348 1129 1430 agendi
1152 1369 1219 1411 non

227 1463 278 1515 cst
295 1453 418 1516 otium'
466 1453 654 1516 ‘dominum
678 1453 810 1527 autem,'
827 1452 943 1534 inquit,
963 1452 1125 1515 ‘conuiuii
1145 1472 1219 1515 csse

215 1567 359 1638 <oportet
377 1577 443 1619 non
462 1566 531 1618 tam
551 1557 687 1631 lautum,
706 1576 806 1638 quam
828 1557 899 1619 sinc
921 1556 1093 1630 sordibus,'
1115 1565 1148 1619 et
1168 1556 1220 1618 ‘in

227 1660 380 1723 conuiuio
397 1661 464 1741 Iegi
484 1682 551 1723 non
573 1660 684 1722 omnia
706 1661 837 1735 debent,
856 1660 914 1722 sed
936 1679 976 1721 ca
1000 1659 1218 1741 potissimum,

162 1791 193 1842 30
228 1784 313 1845 quae
330 1764 427 1826 simul
444 1764 509 1826 sint
525 1761 677 1844 βιωφελῆ
694 1773 727 1827 et
743 1764 930 1826 delectent!

271 1888 379 1949 neque
401 1888 467 1930 non
490 1868 531 1930 de
555 1868 710 1931 secundis
732 1889 864 1950 quoque
888 1869 1012 1930 mensis
1035 1868 1220 1931 cuiusmodi

228 1991 301 2034 esse
318 1991 374 2034 eas
390 1981 550 2052 oporteat,
569 1971 738 2053 praecipit.
787 1971 838 2033 his
855 1971 943 2033 enim
966 1972 1076 2033 uerbis
1098 1972 1218 2034 utitur:

228 2075 403 2150 ‘bellaria'
421 2075 536 2156 inquit,
556 2080 613 2137 ‘ea
630 2075 771 2137 maxime
788 2085 865 2137 sunt
886 2075 1020 2148 mellita,
1039 2095 1124 2156 quae
1144 2077 1220 2138 mel-

228 2179 286 2242 lita
309 2200 376 2242 non
404 2188 502 2241 sunt:
533 2174 704 2254 πέμμασιν
729 2179 818 2241 enim
845 2199 920 2242 cum
947 2174 1051 2260 πέψει
1078 2179 1219 2242 societas

161 2308 192 2361 35
227 2282 348 2345 infida!

271 2387 359 2468 quod
387 2389 494 2450 Varro
522 2387 643 2450 hocin
671 2388 744 2450 loco
771 2387 851 2449 dixit
876 2385 1050 2462 ‘bellaria'
1076 2407 1117 2449 ne
1145 2387 1218 2469 quis

226 2491 312 2553 forte
337 2491 369 2553 in
394 2491 457 2553 ista
480 2511 561 2554 voce
589 2492 734 2566 haereat,
760 2491 925 2571 significat
955 2491 989 2553 id
1020 2491 1217 2554 uocabulum

225 2615 323 2657 omne
341 2614 476 2656 mensae
493 2595 659 2656 secundae
676 2615 792 2675 genus
832 2614 910 2656 nam
928 2614 1013 2676 quac
1028 2590 1216 2669 ‘rre'ppara’

225 2698 344 2761 Graeci
368 2708 424 2760 aut
449 2695 678 2779 ‘maurinom'
704 2698 865 2773 dixerunt,
891 2719 931 2760 ea
956 2708 1087 2760 ueteres
1113 2698 1218 2760 nostri

159 2829 191 2875 40
227 2800 398 2864 ‘bellaria'
423 2802 685 2883 appellaverunt.
734 2802 812 2864 uina
836 2822 966 2884 quoque
994 2802 1140 2864 dulciora
1167 2812 1218 2863 est

225 2905 374 2969 inuenire
398 2905 430 2966 in
451 2906 630 2969 comoediis
653 2906 894 2988 antiquioribus
918 2906 981 2968 hoc
1005 2905 1138 2967 nomine
1162 2926 1217 2986 ap-

224 3008 348 3091 pellata
364 3009 519 3091 dictaque
535 3030 609 3072 esse
626 3030 665 3072 ea
683 3009 816 3072 ‘Liberi
830 3007 987 3072 belIaria.’

972 3109 1044 3162 GelI.
1059 3111 1139 3162 XIII.
1157 3110 1212 3178 11.]

557 3267 645 3315 ΟΝΟΣ
670 3268 774 3315 nrm

296 3376 350 3429 Tre
363 3378 563 3442 rnrmioteocber,
578 3378 741 3439 Pbonoscus,
755 3395 907 3430 announces
919 3376 1032 3445 Iinmels.

116 3512 204 3573 137..
224 3494 417 3560 Phonascus
433 3498 560 3570 adsum,
579 3495 669 3559 udcis
686 3495 935 3570 suscitabulum,

223 3599 494 3682 cantantiumque
511 3598 618 3681 gallus
634 3599 845 3681 gallindceus.

246 3726 321 3763 rme.
334 3727 388 3763 snr.
395 3728 450 3780 -5

1013 3642 1086 3692 Non.
1103 3639 1159 3705 176.
1173 3654 1215 3705 29.
