2684 4094
133 211 178 275 40
396 205 607 255 FRAGMENTS
630 205 675 255 OF
697 205 824 255 ROMAN
848 206 972 254 SATIRE

506 358 570 427 Osa
583 359 688 428 luupry
697 359 863 427 parasite(?)

137 476 209 551 176.
243 473 354 535 omnia
369 473 511 536 uescatis
529 473 681 536 manibus
698 474 796 553 leget,
814 473 925 535 omnia
942 483 1058 550 sumet,

242 570 340 641 crede
355 577 444 638 mihi.
492 596 607 658 presse
624 587 661 639 ut
677 576 793 652 dicam,
812 597 864 638 res
881 577 1012 639 auferet
1028 577 1143 640 omnis.

876 680 951 731 Non·
966 693 1027 747 395·
1042 693 1092 746 323
1112 694 1174 747 332·
1190 694 1236 750 25·

521 853 631 915 LIBER
656 853 843 916 XXVIIII.

287 975 312 1028 A
329 975 455 1028 Luciliau
464 976 539 1044 form
552 977 586 1045 of
595 977 762 1044 deprecation
770 992 779 1037 ;
797 976 833 1044 cf.
847 976 905 1028 will
919 975 1003 1046 Fraq.
1018 979 1076 1036 146.

134 1107 207 1168 177.
240 1092 340 1153 deum
356 1091 413 1153 rex
429 1101 557 1153 auertat
574 1090 676 1153 uerba
692 1090 859 1153 obscaena
883 1140 889 1152 .
916 1141 922 1153 .
948 1141 954 1153 .
1020 1148 1095 1199 Non·
1110 1159 1172 1215 357‘
1190 1161 1233 1200 H·

422 1287 447 1340 A
463 1290 574 1356 leopard
586 1297 682 1341 cannot
694 1289 794 1357 clauqe
806 1288 848 1340 tis
859 1297 938 1356 spots.

104 1358 134 1425 s

133 1406 206 1481 178.
218 1401 403 1485 *cupiditas
416 1423 456 1466 ex
468 1401 602 1466 humine
615 1403 736 1485 cupido
749 1413 782 1465 et
793 1400 894 1465 stulto
904 1423 1086 1486 numquam
1096 1401 1232 1468 tullitur.

1019 1506 1094 1557 Non.
1108 1503 1170 1572 436.
1186 1521 1232 1573 30.

496 1600 615 1654 Another
626 1602 663 1654 lu't
676 1610 703 1653 at
716 1601 862 1654 Pacuvius.

132 1734 205 1797 179.
238 1719 353 1780 uerum
369 1717 472 1780 tristis
489 1714 639 1780 c6nt0rt0
659 1717 768 1800 aliquo
785 1737 825 1779 ex
843 1713 1030 1780 Pacuuiano
1047 1714 1187 1780 exdrdio.

1036 1819 1110 1871 Non.
1126 1833 1170 1885 30.
1185 1833 1229 1870 22.

247 1925 368 1978 Lucilius
380 1927 530 1993 deprecatus
543 1926 625 1995 aquia
638 1927 678 1978 tle
691 1926 815 1978 crillclsm
827 1926 862 1994 of
868 1926 908 1977 tle
920 1933 984 1977 most
996 1926 1112 1977 learned.

131 2043 204 2106 180.
218 2040 386 2103 *Persium
403 2060 470 2103 non
486 2038 566 2104 curo
582 2041 712 2122 legere;
740 2041 890 2103 Laelium
910 2039 1097 2104 Decumum
1113 2043 1202 2105 u010.'

897 2141 955 2196 Cic.
971 2142 1013 2194 De
1029 2143 1075 2195 Or.
1091 2144 1128 2195 ΙΙ.
1143 2142 1169 2195 6.
1184 2157 1229 2213 25·

555 2313 665 2375 Lmen
688 2313 798 2375 XXX.

406 2435 529 2487 Lucilius
541 2435 563 2488 is
576 2436 616 2487 tle
629 2435 744 2488 intimate
756 2437 792 2506 os
797 2438 837 2489 lle
850 2437 951 2503 Muses,

130 2553 203 2616 181.
237 2549 315 2633 quoi
330 2570 390 2613 sua
406 2549 607 2613 conmittunt
624 2551 754 2612 mortali
771 2552 915 2615 claustra
932 2553 1110 2617 Camenae.

1016 2657 1091 2708 Non.
1107 2669 1168 2725 249.
1185 2669 1228 2707 11.

425 2747 492 2801 And
504 2747 598 2799 dunler
610 2748 651 2800 lis
659 2749 707 2816 Jlll
719 2750 754 2819 of
760 2750 927 2819 inspiratus.

130 2866 201 2929 182.
237 2871 397 2945 quantum
414 2862 546 2925 haurire
564 2863 694 2926 animus
709 2866 882 2928 Musarum
900 2887 938 2930 ec
950 2843 1226 2948 fontibus—gestit.

1035 2971 1109 3022 Non.
1124 2981 1185 3036 317.
1200 2967 1226 3020 6.

486 3059 588 3113 Accius
601 3062 624 3114 is
634 3062 688 3130 far
700 3064 869 3132 outstrlpped,

130 3178 203 3252 183.
236 3184 270 3238 et
285 3195 346 3238 sua
362 3174 549 3258 perciperet
565 3186 652 3240 retro
669 3178 795 3241 rellicta
811 3178 918 3242 iacere
1015 3236 1090 3289 Non·
1105 3251 1120 3303 3
1123 3234 1166 3287 26·
1181 3249 1225 3302 32·

473 3341 540 3427 anl
552 3374 672 3427 Lucillus
686 3376 761 3428 alone
774 3376 796 3427 is
808 3378 882 3428 read.

129 3491 203 3567 184.
237 3498 270 3551 et
286 3489 356 3551 sola
372 3508 412 3551 ex
428 3489 540 3552 multis
557 3510 645 3554 nunc
662 3501 776 3553 nostra
792 3502 948 3573 poemata
963 3492 1051 3554 ferri.

1016 3595 1167 3669 N0n3303.
1186 3607 1226 3662 19.
