2684 4094
84 246 89 254 ·
119 241 179 318 156
378 247 589 295 iniuiiffls
611 247 657 294 or
680 246 807 294 xouxx
830 246 956 294 sarius

167 407 232 468 iam
256 424 345 466 nunc
369 403 547 466 subsistite.
601 414 748 465 ceterum
772 403 899 464 incuria
922 423 1081 485 sequens,
1109 407 1237 486 prioris

167 507 395 590 prouidentiae
411 507 571 569 beneficia
587 505 795 587 conrumpit.’

210 623 289 673 tunc
313 622 454 673 nanctae
477 611 543 672 iam
567 611 671 692 portis
695 611 886 691 patentibus
909 611 1075 674 nudatum
1103 614 1235 676 sororis

167 716 314 777 animum
339 714 546 778 facinerosae
569 714 732 787 mulieres,
756 715 888 776 omissis
910 724 1020 777 tectae
1045 717 1233 780 machinae

129 852 144 897 5
166 818 320 892 latibulis,
334 818 498 880 destrictis
513 818 634 898 gladiis
650 818 827 893 fraudium,
841 818 1000 899 simplicis
1016 821 1155 899 puellae
1172 842 1233 902 pa-

167 935 285 985 uentes
304 922 523 1002 cogitationes
541 923 711 983 inuadunt.
781 940 834 985 20.
860 923 908 983 sic
929 922 1074 1002 denique
1098 925 1231 988 altera:

168 1026 340 1108 ‘quoniam
355 1046 416 1088 nos
428 1025 565 1106 originis
580 1046 686 1087 nexus
701 1046 763 1106 pro
778 1038 836 1087 tua
851 1026 1076 1088 incolumitate
1095 1029 1231 1108 pericu-

167 1132 234 1192 lum
251 1130 384 1210 quidem
401 1130 528 1191 nullum
550 1139 628 1191 ante
648 1129 762 1191 oculos
786 1130 910 1191 habere
932 1131 1114 1210 compellit,
1133 1132 1229 1194 uiam

167 1254 233 1315 qua
254 1234 325 1295 sola
345 1234 480 1295 deducit
500 1233 562 1295 iter
580 1233 623 1295 ad
646 1235 787 1295 salutem
811 1233 868 1295 diu
891 1233 1014 1315 diuque
1037 1235 1227 1314 cogitatam

116 1368 145 1402 ιο
167 1337 424 1399 monstrabimus
457 1337 524 1398 tibi.
586 1338 784 1399 nouaculam
818 1348 1042 1418 praeacutam,
1074 1339 1228 1420 adpulsu
1259 1334 1262 1338 ’

166 1440 267 1503 etiam
298 1440 464 1522 palmulae
494 1440 648 1503 lenientis
675 1451 916 1521 exasperatam,
940 1440 1004 1503 tori
1030 1462 1097 1523 qua
1125 1457 1227 1524 parte

166 1548 289 1613 cubare
315 1549 484 1612 consuesti
510 1550 652 1612 latenter
678 1549 856 1625 absconde,
880 1549 1120 1633 lucernamque
1146 1572 1227 1614 con-

166 1653 308 1728 cinnem,
337 1655 538 1735 completam
565 1654 647 1730 oleo,
676 1655 766 1716 claro
792 1653 917 1716 lumine
944 1654 1224 1735 praemicantem,

167 1756 271 1819 subde
294 1757 405 1840 aliquo
428 1758 613 1820 claudentis
636 1757 767 1820 aululae
789 1758 946 1838 tegmine,
971 1758 1129 1839 omnique
1157 1759 1226 1823 isto

117 1888 143 1934 15
167 1872 330 1943 apparatu
348 1862 558 1925 tenacissime
577 1862 792 1937 dissimulato,
810 1872 987 1943 postquam
1005 1862 1154 1924 sulcatos
1177 1863 1226 1924 in-

166 1967 302 2030 trahens
332 1987 468 2049 gressus
497 1966 605 2029 cubile
638 1966 772 2029 solitum
809 1966 1051 2040 conscenderit,
1084 1965 1225 2048 iamque

166 2080 339 2151 porrectus
362 2082 395 2133 et
417 2071 551 2133 exordio
575 2070 682 2132 somni
705 2070 888 2151 prementis
910 2069 1089 2152 implicitus
1112 2071 1224 2134 altum

167 2193 319 2255 soporem
347 2175 426 2236 flare
453 2175 609 2255 coeperit,
633 2184 705 2237 toro
729 2174 867 2256 delapsa
893 2174 1050 2257 nudoque
1073 2175 1224 2256 uestigio

167 2279 329 2359 pensilem
348 2279 488 2359 gradum
508 2280 715 2360 paullulatim
735 2280 897 2355 minuens,
914 2300 1034 2343 caecae
1056 2279 1223 2343 tenebrae

114 2407 143 2440 ω
165 2382 316 2444 custodia
336 2382 475 2444 liberata
495 2383 639 2459 lucerna,
662 2384 824 2464 praeclari
845 2383 895 2447 tui
917 2382 1075 2446 facinoris
1097 2403 1224 2464 oppor-

165 2485 340 2548 tunitatem
364 2486 406 2547 de
429 2486 562 2548 luminis
587 2488 724 2550 consilio
747 2498 907 2563 mutuare,
933 2497 966 2550 et
989 2486 1127 2568 ancipiti
1150 2489 1223 2550 telo

165 2589 230 2664 illo,
256 2590 425 2651 audaciter
452 2590 543 2670 prius
570 2590 705 2653 dextera
732 2611 863 2653 sursum
892 2592 988 2666 elata,
1013 2589 1087 2652 nisu
1114 2611 1222 2672 quam

165 2692 274 2755 ualido
291 2693 378 2754 noxii
394 2693 558 2774 serpentis
574 2694 698 2757 nodum
715 2694 853 2756 ceruicis
869 2704 903 2756 et
915 2693 1033 2775 capitis
1046 2693 1220 2757 abscinde.

165 2815 227 2859 nec
251 2806 401 2858 nostrum
428 2795 488 2859 tibi
515 2796 619 2859 deerit
646 2797 849 2873 subsidium;
881 2798 941 2860 sed
967 2817 1043 2860 curn
1070 2797 1221 2878 primum

112 2923 140 2970 25
164 2898 250 2961 illius
269 2909 374 2961 morte
394 2899 534 2985 salutem
558 2899 618 2962 tibi
641 2900 769 2976 feceris,
787 2901 904 2963 anxiae
927 2901 1219 2981 praestolabimus,

164 3002 359 3084 cunctisque
386 3003 457 3066 istis
480 3003 571 3067 ocius
593 3012 704 3066 tecum
727 3004 848 3080 relatis,
866 3005 987 3068 uotiuis
1010 3005 1136 3086 nuptiis
1162 3007 1221 3068 ho-

164 3107 287 3169 minem
314 3117 347 3169 te
373 3106 550 3188 iungemus
577 3107 722 3170 homini’
797 3126 849 3171 21.
878 3109 938 3172 tali
964 3110 1141 3170 uerborum
1171 3109 1221 3171 in-

164 3211 281 3275 cendio
308 3210 476 3274 flammata
503 3210 631 3273 uiscera
658 3211 780 3274 sororis
807 3211 873 3274 iam
897 3233 1033 3293 prorsus
1057 3212 1217 3275 ardentis.

164 3314 355 3378 deserentes
387 3313 493 3396 ipsam
525 3314 685 3395 protinus,
716 3315 801 3378 tanti
831 3315 910 3377 mali
940 3315 1120 3378 confinium
1152 3317 1219 3379 sibi

111 3447 140 3493 ³⁰
163 3417 263 3481 etiam
279 3417 396 3481 eximie
413 3427 608 3492 metuentes,
627 3419 724 3480 flatus
746 3418 831 3480 alitis
853 3418 998 3499 impulsu
1022 3419 1119 3481 solito
1143 3439 1219 3499 por-

163 3531 272 3585 rectae
294 3541 395 3603 super
414 3521 586 3601 scopulum
609 3521 683 3583 ilico
705 3521 832 3602 pernici
852 3541 888 3584 se
910 3522 993 3603 fuga
1016 3521 1216 3604 proripiunt,

162 3625 340 3708 statimque
357 3623 548 3688 conscensis
564 3623 705 3686 nauibus
722 3625 854 3688 abeunt.
