2684 4094
145 238 205 288 122
406 231 617 281 FRAGMENTS
640 233 685 282 OF
708 233 834 283 ROMAN
858 234 984 282 SATIRE

195 410 280 465 men,
305 399 362 452 aut
393 387 498 451 uisam
530 388 712 453 timuerunt
738 391 875 453 calcare.
923 410 1000 453 ecce
1031 390 1109 453 belli
1140 390 1254 454 ciuilis

194 493 313 575 ingens
341 513 426 574 opus
454 490 603 573 quisquis
630 493 783 573 attigerit,
809 494 872 555 nisi
899 494 1019 575 plenus
1046 493 1159 569 literis
1186 495 1253 557 sub

194 618 295 661 onere
318 596 456 660 labetur.
504 616 570 658 non
595 597 683 660 enim
707 617 759 660 res
784 610 900 676 gestae
924 597 1074 659 uersibus
1098 618 1253 678 compre-

194 700 393 764 hendendae
420 708 506 774 sunt,
532 701 621 781 quod
651 702 751 781 longe
779 701 897 762 melius
929 700 1076 763 historici
1106 700 1250 777 iaciunt,

156 835 169 881 5
194 806 253 868 sed
281 824 341 886 per
367 802 527 883 ambages
554 803 758 885 deorumque
785 804 967 866 ministeria
994 814 1027 867 et
1053 803 1251 867 fabulosum

195 907 434 971 sententiarum
455 914 657 970 tormentum
682 908 951 989 praecipitandus
975 917 1025 970 est
1049 907 1131 969 liber
1154 908 1252 989 spiri-

195 1023 257 1087 tus,
274 1020 311 1074 ut
335 1009 445 1092 potius
467 1011 609 1074 furentis
628 1011 728 1073 animi
750 1011 941 1073 uaticinatio
961 1021 1123 1092 appareat
1144 1032 1250 1093 quarn

195 1115 370 1196 religiosae
386 1114 543 1177 orationis
560 1115 621 1178 sub
638 1115 778 1178 testibus
795 1115 894 1177 fides:
914 1124 1073 1196 tanquam
1090 1114 1118 1177 si
1134 1115 1251 1196 placet

195 1220 248 1282 hic
264 1219 417 1300 impetus,
436 1218 535 1282 etiam
552 1219 580 1283 si
596 1220 744 1282 nondum
760 1219 887 1301 recepit
902 1219 1052 1281 ultimam
1069 1220 1222 1282 manum'

143 1441 179 1496 So
193 1442 341 1510 Eumolpus
350 1443 476 1509 proceeds
490 1442 549 1494 wltlr
562 1443 602 1495 iris
614 1444 699 1496 model
710 1460 794 1511 poem.
826 1443 879 1494 But
891 1443 978 1511 before
991 1443 1053 1511 lorp
1066 1443 1106 1494 tlte
1119 1459 1251 1513 uopapers

194 1539 266 1583 enter
278 1531 383 1592 Croton,
397 1529 453 1581 arrd
462 1537 513 1599 put
525 1530 591 1582 their
602 1532 703 1583 selerne
716 1531 769 1582 ioto
782 1530 928 1599 successful
940 1529 1083 1598 operation.

142 1683 170 1715 10
237 1673 312 1716 cum
344 1653 426 1715 haec
459 1653 643 1735 Eumolpos
673 1653 803 1734 ingenti
833 1652 1040 1715 uolubilitate
1064 1652 1249 1716 uerborum

194 1756 377 1830 effudisset,
410 1756 545 1820 tandem
577 1759 723 1822 Crotona
756 1756 960 1820 intrauimus.
1019 1755 1076 1819 ubi
1108 1756 1249 1838 quidem

194 1881 298 1942 paruo
320 1860 509 1924 deuersorio
530 1862 656 1936 reiecti,
674 1871 807 1942 postero
824 1861 877 1924 die
896 1860 1065 1942 amplioris
1088 1860 1249 1925 fortunae

194 1964 329 2027 domum
346 1974 544 2046 quaerentes
565 1964 740 2028 incidimus
761 1965 794 2026 in
818 1965 949 2026 turbam
973 1963 1247 2052 heredipetarum

194 2068 441 2142 sciscitantium,
470 2070 559 2151 quod
585 2089 691 2150 genus
719 2068 890 2130 hominum
917 2078 975 2131 aut
1001 2068 1090 2130 unde
1117 2068 1249 2132 uenire-

143 2203 169 2250 15
194 2193 275 2234 mus.
322 2191 363 2234 ex
379 2173 584 2254 praescripto
600 2192 680 2254 ergo
697 2172 825 2235 consilii
841 2172 1025 2235 communis
1042 2182 1248 2252 exaggerata

193 2276 369 2339 uerborum
384 2276 598 2352 uolubilitate‚
612 2276 701 2339 unde
718 2285 776 2338 aut
792 2276 848 2358 qui
864 2296 1022 2351 essemus,
1038 2276 1127 2338 haud
1144 2275 1248 2340 dubie

193 2379 404 2443 credentibus
427 2380 655 2444 indicauimus
703 2380 759 2462 qui
783 2380 893 2443 statim
916 2400 996 2461 opes
1016 2400 1094 2442 suas
1113 2400 1247 2443 summo

192 2504 267 2547 curn
284 2484 464 2547 certamine
480 2484 513 2546 in
532 2485 732 2565 Eumolpum
751 2493 1000 2565 congesserunt.

235 2587 385 2651 certatim
411 2608 527 2652 omnes
554 2588 769 2670 heredipetae
793 2587 985 2650 muneribus
1012 2587 1153 2668 gratiam
1179 2589 1247 2651 Eu-

139 2725 169 2756 20
192 2691 294 2774 molpi
313 2691 490 2756 sollicitant

141 2907 194 2959 But
213 2909 253 2959 tlte
272 2907 354 2959 torath
374 2907 409 2975 of
423 2907 543 2976 Priapus
561 2907 616 2960 still
633 2924 747 2977 pursues
768 2907 917 2976 Encolpius
938 2907 1046 2976 tlrroupl
1066 2907 1106 2958 lis
1125 2915 1246 2976 aorotory

192 2996 347 3046 adventures
362 2994 390 3045 iu
406 2993 511 3058 Croton,
525 2995 580 3047 aod
596 2995 636 3046 tlte
653 3003 768 3064 excerpts
785 2995 864 3047 brealr
879 2995 922 3063 off
932 2995 1036 3046 without
1050 3011 1104 3062 unp
1115 2993 1173 3062 sipn
1190 2995 1246 3046 tlat

192 3082 232 3134 tle
245 3091 315 3149 story
327 3082 380 3134 rolll
392 3099 451 3135 ever
462 3099 531 3135 come
544 3091 617 3135 toan
630 3083 689 3134 eod.
