2684 4094
482 286 676 337 PETRONIVS
699 287 853 336 ARBiTER
1095 348 1098 353 ,
1176 291 1218 357 93

169 465 230 510 suo
248 445 408 520 irascitur,
426 445 538 508 nescio
557 445 611 507 cui
633 454 740 506 terrae
764 444 829 508 filio
854 444 1088 526 patrimonium
1112 444 1219 526 elega-

169 550 224 612 uit.
271 551 371 631 longe
402 549 498 630 fugit,
527 549 676 631 quisquis
707 569 785 611 suos
816 549 912 629 fugit.
960 548 1076 612 habuit
1106 558 1217 611 autem

170 653 369 717 oracularios
396 672 519 728 seruos,
548 653 605 735 qui
631 652 722 713 illum
752 671 885 733 pessum
914 652 1085 715 dederunt.
1139 673 1219 714 nun-

170 778 268 839 quam
292 767 403 819 autem
428 766 518 819 recte
541 756 652 831 faciet,
676 756 732 838 qui
755 756 820 818 cito
843 757 956 830 credit,
982 756 1096 838 utique
1120 757 1219 820 homo

131 890 146 937 5
170 860 353 942 negotians.
401 870 514 922 tamen
538 879 654 922 uerum
678 860 767 942 quod
790 860 935 922 frunitus
958 870 1018 935 est,
1039 880 1139 942 quam
1163 860 1218 924 diu

170 964 250 1026 uixit
425 964 478 1026 cui
493 965 607 1053 datum
623 973 683 1038 est,
701 984 768 1026 non
785 963 838 1026 cui
861 962 1071 1026 destinatum.
1120 964 1219 1045 plane

172 1070 340 1131 Fortunae
363 1068 458 1144 filius,
477 1068 510 1130 in
535 1087 637 1130 manu
659 1067 746 1130 illius
771 1068 944 1149 plumbum
968 1087 1084 1129 aurum
1108 1068 1217 1131 fiebat.

170 1172 269 1235 facile
287 1182 338 1235 est
356 1183 477 1247 autem,
495 1172 552 1234 ubi
573 1171 684 1235 omnia
707 1171 869 1253 quadrata
891 1181 1037 1234 currunt.
1083 1182 1117 1234 et
1140 1182 1220 1254 quot

171 1286 269 1357 putas
285 1276 375 1338 illum
392 1296 498 1339 annos
515 1295 627 1338 secum
643 1275 781 1338 tulisse?
826 1275 1040 1357 septuaginta
1055 1285 1088 1338 et
1107 1296 1217 1357 supra.

120 1411 148 1444 ιο
171 1379 230 1443 sed
245 1380 419 1443 corneolus
435 1380 509 1454 fuit,
527 1389 671 1443 aetatem
687 1379 772 1442 bene
789 1378 928 1454 ferebat,
946 1379 1041 1460 niger
1059 1390 1219 1462 tanquam

170 1503 299 1547 coruus.
339 1503 498 1546 noueram
511 1480 696 1546 hominem:
715 1483 792 1546 olim
809 1483 947 1547 oliorum
960 1493 994 1546 et
1006 1484 1116 1546 adhuc
1129 1485 1221 1546 salax

170 1597 250 1650 erat.
297 1607 363 1650 non
387 1587 594 1651 mehercules
617 1583 709 1650 illurn
725 1597 812 1669 puto
830 1587 863 1650 in
887 1587 986 1650 domo
1009 1608 1126 1651 canem
1150 1588 1221 1650 reli-

171 1691 291 1773 quisse.
347 1691 448 1755 immo
478 1689 578 1754 etiam
609 1691 769 1772 pullarius
799 1701 878 1766 erat,
911 1690 1020 1755 omnis
1050 1691 1220 1755 mineruae

172 1795 279 1858 homo.
327 1815 389 1858 nec
405 1793 574 1876 improbo;
599 1796 662 1859 hoc
679 1795 787 1857 solum
804 1795 891 1858 enim
908 1815 1021 1858 secum
1037 1796 1131 1858 tulit.’

120 1925 148 1975 15
214 1919 269 1977 44.
295 1900 378 1962 haec
411 1898 559 1962 Phileros
590 1898 680 1974 dixit,
711 1897 767 1961 illa
798 1899 1030 1983 Ganymedes:
1063 1900 1221 1963 ‘narratis

171 2004 261 2085 quod
280 2023 341 2066 nec
360 2003 403 2065 ad
422 2004 550 2066 caelum
574 2022 636 2066 nec
660 2002 702 2064 ad
725 2012 847 2065 terram
871 2002 1024 2083 pertinet,
1042 2023 1117 2066 cum
1141 2003 1221 2066 inte-

171 2107 232 2169 rim
249 2127 347 2170 nemo
363 2117 467 2182 curat,
485 2106 563 2188 quid
585 2126 719 2169 annona
738 2107 876 2170 mordet.
923 2125 990 2169 non
1014 2108 1221 2169 mehercules

172 2211 270 2273 hodie
285 2211 425 2273 buccam
447 2211 543 2295 panis
561 2210 712 2274 inuenire
736 2210 838 2293 potui.
885 2221 919 2274 et
942 2211 1109 2293 quomodo
1132 2211 1222 2274 sicci-

171 2324 223 2377 tas
239 2325 441 2396 perseuerat.
488 2314 554 2378 iam
570 2335 695 2378 annum
712 2314 848 2379 esuritio
868 2316 940 2377 fuit.
987 2314 1112 2378 aediles
1134 2315 1221 2378 male

120 2445 149 2478 ω
171 2418 313 2493 eueniat,
338 2418 493 2500 quicum
517 2419 696 2500 pistoribus
718 2418 891 2482 colludunt
915 2424 1042 2482 “serua
1069 2438 1132 2494 me,
1158 2438 1222 2481 ser·

172 2522 258 2584 uabo
289 2523 353 2586 te.”
399 2522 511 2605 itaque
538 2523 683 2604 populus
710 2521 858 2586 minutus
884 2522 1030 2599 laborat;
1062 2542 1140 2585 nam
1168 2521 1222 2585 isti

171 2625 314 2688 maiores
330 2626 483 2689 maxillae
504 2647 637 2708 semper
656 2626 846 2691 Saturnalia
868 2636 981 2708 agunt.
1029 2648 1049 2689 o
1072 2626 1101 2689 si
1123 2626 1222 2689 habe-

171 2748 282 2791 remus
298 2728 370 2792 illos
386 2731 508 2806 leones,
525 2750 609 2812 quos
625 2750 689 2812 ego
707 2730 760 2793 hic
780 2729 903 2806 inueni,
920 2751 995 2794 cum
1015 2730 1158 2812 primum
1181 2748 1222 2793 ex

171 2832 256 2895 Asia
279 2832 365 2895 ueni.
412 2832 492 2896 illud
515 2844 586 2897 erat
609 2833 731 2898 uiuere.
778 2832 897 2898 similia
919 2833 1022 2898 sicilia
1048 2834 1221 2897 interiores

118 2966 147 3012 ας
171 2946 205 3000 et
228 2936 337 3000 laruas
360 2936 407 3000 sic
430 2937 512 3001 istos
536 2937 806 3019 percolopabant,
823 2948 861 3001 ut
882 2936 946 3001 illis
971 2938 1099 3019 Iupiter
1117 2938 1221 3001 iratus

170 3051 266 3104 esset.
311 3037 405 3126 [sed]
422 3041 558 3105 memini
571 3041 751 3126 Safinium:
772 3050 852 3105 tunc
864 3042 1036 3104 habitabat
1048 3041 1090 3104 ad
1106 3062 1219 3104 arcum

170 3155 327 3220 ueterem,
341 3165 394 3208 me
408 3164 520 3227 puero,
535 3145 639 3228 piper,
654 3167 720 3209 non
734 3146 842 3210 homo.
882 3144 910 3208 is
926 3165 1125 3229 quacunque
1141 3145 1219 3221 ibat,

170 3258 292 3311 terram
308 3249 479 3313 adurebat.
527 3250 586 3313 sed
603 3260 723 3325 rectus,
741 3250 800 3313 sed
816 3260 935 3323 certus,
954 3249 1080 3312 amicus
1103 3249 1218 3322 amico,

170 3373 245 3415 cum
267 3374 332 3435 quo
351 3353 511 3418 audacter
528 3373 646 3435 posses
668 3353 702 3416 in
725 3353 872 3417 tenebris
896 3353 1025 3416 micare.
1073 3353 1106 3414 in
1130 3352 1238 3415 curia¹

116 3484 147 3530 30
170 3467 281 3519 autem
305 3457 471 3539 quomodo
495 3457 644 3538 singulos
668 3453 757 3542 [uel]
781 3456 907 3539 pilabat
927 3453 1140 3541 [tractabat],
1159 3476 1220 3518 nec

170 3561 323 3623 schemas
346 3561 544 3643 loquebatur
567 3560 626 3624 sed
651 3561 831 3624 derectum.
878 3581 954 3624 cum
982 3571 1098 3642 ageret
1123 3580 1220 3641 porro

170 3661 203 3724 in
230 3663 313 3740 loro,
342 3663 390 3728 sic
413 3663 501 3728 illius
526 3684 592 3728 uox
618 3663 791 3728 crescebat
820 3673 980 3747 tanquam
1011 3662 1100 3726 tuba.
1158 3683 1223 3724 nec
