2684 4094
149 279 208 344 168
251 302 254 306 ·
408 289 619 340 annonariis
642 290 688 340 or
710 290 835 340 nonan
859 290 984 340 snrrnn

197 447 303 510 nubes
319 457 353 510 et
369 446 506 512 Caelum
526 447 612 510 filiae
632 448 798 529 panditur,
816 457 849 512 et
868 469 1017 512 summus
1036 450 1155 513 aether
1174 469 1253 513 cum
1304 427 1312 436 ’

197 551 318 632 gaudio
336 551 474 633 suscipit
488 551 594 614 deam.
643 572 704 614 nec
721 551 837 615 obuias
853 552 981 634 aquilas
1000 552 1054 614 uel
1073 552 1253 634 accipitres

196 674 335 736 rapaces
352 654 555 736 pertimescit
571 675 714 736 magnae
730 655 871 719 Veneris
887 676 1010 719 canora
1025 656 1162 720 familia.

241 775 272 837 7.
298 768 378 822 tunc
402 778 437 820 se
462 759 614 842 protinus
639 759 680 821 ad
706 759 796 822 Iouis
819 759 928 840 regias
951 780 1045 822 arces
1069 759 1190 841 dirigit,
1218 771 1254 824 et

90 877 108 910 '-
159 893 172 938 5
196 863 302 947 petitu
319 862 464 944 superbo
481 863 647 939 Mercurii,
665 863 719 926 dei
735 864 867 940 uocalis
886 884 1007 946 operae
1024 864 1252 927 necessariam

197 987 331 1029 usuram
362 966 517 1048 postulat.
564 986 626 1030 nec
658 967 790 1031 rennuit
821 967 912 1031 Iouis
940 968 1108 1031 caerulum
1136 989 1253 1051 super-

196 1070 315 1134 cilium.
377 1080 457 1133 tunc
488 1091 592 1134 ouans
626 1070 700 1134 ilico
735 1071 914 1135 comitante
948 1071 1047 1134 etiam
1079 1073 1253 1136 Mercurio

196 1175 313 1250 Venus
331 1174 424 1237 caelo
445 1175 585 1250 demeat,
603 1175 700 1257 eique
722 1175 860 1238 sollicite
882 1175 961 1238 serit
980 1174 1100 1238 uerba:
1127 1177 1254 1240 ‘frater

176 1268 314 1354 'Arcas
338 1277 401 1341 scis
426 1298 548 1359 nempe
575 1299 721 1342 sororem
748 1289 840 1341 tuam
867 1281 1034 1343 Venerem
1061 1279 1133 1342 sinc
1163 1281 1254 1343 Mer·

145 1413 173 1446 10
196 1381 277 1444 curii
304 1381 492 1463 praesentia
518 1381 565 1445 nil
592 1403 750 1464 umquam
778 1383 908 1460 fecisse,
934 1403 995 1446 nec
1025 1392 1058 1446 te
1088 1385 1254 1467 praeterit

195 1485 310 1569 utique
323 1495 447 1569 quanto
463 1484 529 1548 iam
542 1495 693 1568 tempore
706 1486 955 1550 delitescentem
968 1487 1122 1550 ancillam
1136 1489 1255 1571 nequi-

195 1590 299 1652 uerim
317 1589 494 1672 repperire.
542 1590 588 1652 nil
604 1611 684 1672 ergo
706 1601 859 1672 superest
880 1611 979 1673 quam
995 1601 1052 1654 tuo
1069 1593 1254 1672 praeconio

196 1693 380 1775 praemium
410 1693 675 1774 inuestigationis
698 1694 877 1776 publicitus
901 1695 1039 1757 edicere.
1086 1695 1143 1759 lac
1166 1716 1253 1778 ergo

196 1798 389 1861 mandatum
415 1807 561 1860 matures
586 1818 706 1874 meum,
732 1808 766 1861 et
789 1798 910 1862 indicia
931 1799 987 1880 qui
1015 1799 1119 1882 possit
1147 1820 1253 1881 agno-

145 1932 171 1979 15
196 1901 243 1964 sci
266 1902 443 1964 manifeste
469 1901 633 1982 designes,
657 1922 709 1977 ne,
735 1901 837 1984 siquis
864 1902 1092 1966 occultationis
1114 1902 1253 1968 illicitae

196 2006 320 2069 crimen
338 2005 482 2081 subierit,
500 2005 708 2087 ignorantiae
724 2027 760 2069 se
777 2005 883 2088 possit
901 2006 1112 2069 excusatione
1134 2008 1253 2071 defen-

196 2109 293 2172 dere.’
340 2120 374 2173 et
393 2109 490 2172 simul
509 2109 622 2172 dicens
641 2109 787 2173 libellum
810 2108 840 2173 ei
862 2109 1000 2192 porrigit
1022 2109 1078 2173 ubi
1100 2111 1252 2195 Psyches

195 2234 317 2277 nomen
336 2212 577 2289 continebatur,
600 2224 633 2276 et
652 2222 770 2277 cetera.
818 2235 883 2296 quo
905 2216 996 2277 facto
1017 2214 1170 2296 protinus
1194 2216 1252 2279 do

195 2338 285 2381 mum
314 2318 458 2381 secessit.
535 2319 567 2382 8.
597 2338 659 2381 nec
688 2318 875 2381 Mercurius
903 2318 1011 2381 omisit
1038 2317 1249 2401 obsequium.

143 2455 172 2486 ω
195 2443 272 2485 nam
293 2442 352 2504 per
371 2422 517 2485 omnium
537 2443 595 2485 ora
617 2423 816 2504 populorum
838 2422 962 2504 passim
982 2423 1183 2499 discurrens,
1203 2424 1251 2488 sic

195 2526 371 2589 mandatae
401 2526 655 2607 praedicationis
680 2547 802 2588 munus
830 2525 1073 2608 exequebatur:
1098 2525 1146 2611 ‘si
1172 2528 1251 2610 quis

195 2651 214 2693 a
230 2631 312 2710 fuga
328 2630 506 2706 retrahere,
524 2631 578 2693 uel
595 2631 758 2694 occultam
775 2630 1002 2692 demonstrare
1022 2629 1144 2712 poterit
1162 2631 1252 2714 fugi-

194 2734 297 2797 tiuam
325 2734 412 2816 regis
440 2734 548 2811 filiam,
567 2734 708 2798 Veneris
736 2733 899 2809 ancillam,
917 2734 1052 2797 nomine
1080 2734 1248 2818 Psychen,

195 2838 373 2901 conueniat
395 2848 482 2901 retro
506 2849 612 2901 metas
641 2838 783 2901 Murtias
812 2837 1016 2901 Mercurium
1043 2837 1251 2919 praedicato

142 2974 170 3020 25
194 2963 273 3018 rem,
285 2952 482 3024 accepturus
497 2942 663 3005 indicinae
679 2942 812 3005 nomine
829 2941 871 3004 ab
886 2942 960 3024 ipsa
970 2944 1102 3006 Venere
1115 2952 1251 3024 septem

195 3046 286 3108 sauia
304 3046 419 3109 suauia
438 3056 472 3109 et
490 3067 593 3109 unum
612 3046 813 3109 blandientis
833 3046 975 3128 adpulsu
993 3047 1127 3127 linguae
1146 3045 1252 3129 longe

195 3150 376 3213 mellitum'
434 3151 476 3214 ad
510 3152 598 3214 hunc
632 3151 766 3214 modum
798 3151 1034 3232 pronuntiante
1067 3151 1249 3229 Mercuri0,

193 3255 278 3318 tanti
305 3255 455 3338 praemii¹
470 3255 592 3337 cupido
619 3255 769 3318 certatim
794 3254 941 3318 omnium
969 3253 1156 3317 mortalium
1182 3266 1252 3320 stu-

195 3359 284 3421 dium
314 3360 494 3422 adrexerat.
542 3380 627 3442 quae
658 3380 711 3422 res
738 3379 826 3422 nunc
857 3358 911 3421 uel
941 3358 1082 3421 maxime
1113 3359 1253 3424 sustulit

141 3493 171 3538 30
196 3465 342 3548 Psyches
366 3484 498 3527 omnem
522 3464 775 3527 cunctationem.
1245 3531 1249 3537 ,

237 3569 370 3650 iamque
393 3569 483 3630 fores
510 3567 581 3630 eius
609 3568 763 3631 dominae
790 3567 988 3649 proximanti
1013 3566 1156 3630 occurrit
1180 3583 1254 3633 una

195 3672 236 3736 de
274 3672 437 3736 famulitio
461 3671 612 3747 Veneris,
644 3672 778 3735 nomine
810 3671 1033 3747 Consuetudo,
1065 3670 1254 3756 statimque
