2684 4094
120 238 158 300 16
378 248 588 297 annonariis
610 248 655 297 or
679 249 804 298 nomin
828 249 954 298 sanna

204 404 276 467 Ioui
302 404 434 485 Lapri0‚
462 405 535 466 loui
560 404 708 479 Molioni,
735 405 808 467 loui
832 404 939 480 Casio,
965 415 998 467 et
1026 425 1111 486 quae
1139 416 1221 470 sunt

139 535 168 571 ιο
202 509 235 571 in
252 509 396 572 eundem
414 509 558 571 modum.
607 508 696 590 quod
712 508 766 571 ille
783 508 983 571 astutissime
1003 510 1218 590 excogitauit,

202 622 239 677 ut
256 623 290 676 et
309 612 371 675 sibi
393 613 552 675 honorem
574 611 723 673 diuinum
746 622 778 674 et
803 612 988 693 hospitibus
1010 612 1078 674 suis
1100 633 1220 695 perpe-

201 726 295 779 tuum
323 737 444 779 nomen
476 715 662 797 acquireret
692 735 768 777 cum
799 715 959 797 religione
990 716 1216 805 coniunctum.

201 820 392 901 gaudebant
423 840 503 900 ergo
534 818 588 894 illi,
623 829 656 881 et
687 819 763 881 hinc
795 820 934 900 imperio
968 819 1039 882 eins
1073 820 1219 884 libenter

202 925 479 1006 obsequebantur,
502 933 535 985 et
556 923 699 985 nominis
721 922 771 985 sui
792 923 899 1002 gratia
922 923 1004 987 ritus
1028 944 1158 987 annuos
1182 934 1218 988 et

137 1055 166 1107 15
201 1029 288 1092 festa
319 1028 539 1091 celebrabant.
603 1027 709 1089 simile
740 1026 897 1108 quiddam
928 1027 962 1089 in
994 1027 1104 1092 Sicilia
1134 1027 1217 1091 iecit

202 1133 347 1208 Aeneas
372 1153 447 1195 cum
471 1131 624 1194 conditae
648 1129 723 1193 urbi
746 1131 893 1193 Acestae
921 1131 1061 1212 hospitis
1091 1151 1215 1195 nomen

201 1236 367 1317 imposuit,
390 1245 427 1298 ut
453 1256 527 1298 eam
555 1235 766 1317 postmodum
791 1235 898 1297 laetus
925 1254 963 1296 ac
991 1234 1098 1297 libens
1125 1235 1215 1299 Ace·

201 1349 268 1403 stes
285 1339 446 1420 diligeret,
465 1349 611 1420 augeret,
630 1348 769 1402 ornaret.
818 1340 880 1402 hoc
902 1339 1000 1401 modo
1019 1338 1215 1419 religionem
1267 1380 1270 1385 -

201 1443 309 1506 cultus
340 1443 391 1506 sui
418 1462 477 1524 per
505 1443 618 1506 orbem
649 1453 757 1506 terrae
789 1442 941 1524 luppiter
969 1442 1152 1518 seminauit,
1180 1452 1216 1506 et

135 1574 166 1609 20
200 1547 389 1628 exemplum
413 1547 531 1610 ceteris
555 1547 597 1609 ad
621 1546 817 1609 imitandum
841 1545 941 1609 dedit.
1040 1587 1115 1640 Lac,
1130 1587 1152 1640 Ι·
1168 1601 1213 1640 22·

112 1758 166 1816 40.
244 1738 365 1801 deinde
393 1737 553 1818 Iuppiter,
584 1747 759 1819 postquam
791 1737 990 1819 quinquiens
1020 1714 1126 1800 terras
1156 1737 1215 1800 cir-

200 1842 310 1916 cuiuit,
329 1841 548 1922 omnibusque
565 1841 679 1903 amicis
695 1851 794 1923 atque
813 1841 965 1923 cognatis
986 1841 1054 1904 suis
1075 1841 1214 1923 imperia

200 1946 320 2020 diuisit,
338 1945 533 2027 reliquitque
558 1945 746 2008 hominibus
770 1946 871 2025 leges,
895 1965 1013 2020 mores,
1034 1946 1214 2009 frumenta-

91 2122 97 2131 ,
200 2070 264 2132 que
281 2049 419 2130 parauit,
438 2049 608 2130 multaque
625 2048 689 2110 alia
705 2049 793 2111 bona
809 2048 898 2124 iecit,
916 2049 1092 2112 immortali
1105 2049 1214 2130 gloria

151 2179 164 2232 5
201 2154 426 2234 memoriaque
443 2153 586 2215 affectus
603 2152 807 2233 sempiterna
827 2153 1032 2216 monimenta
1053 2152 1121 2215 suis
1141 2153 1214 2216 reli·

200 2257 288 2339 quit:
313 2265 421 2319 aetate
438 2277 573 2337 pessum
590 2265 664 2318 acta
685 2256 717 2317 in
740 2257 840 2320 Creta
861 2257 964 2319 uitam
985 2256 1211 2333 commutauit,

199 2362 294 2425 etad
316 2361 396 2423 deos
420 2360 508 2434 abiit,
526 2380 668 2441 eumque
693 2359 833 2423 Curetes
857 2360 914 2422 filii
937 2360 988 2423 sui
1011 2371 1214 2424 curauerunt

199 2465 505 2545 decoraueruntque
522 2484 617 2526 eum:
642 2473 675 2526 et
691 2465 881 2545 sepulcrum
897 2464 968 2527 eius
984 2473 1035 2527 est
1054 2464 1087 2526 in
1112 2464 1213 2528 Creta

199 2578 232 2632 et
248 2569 281 2631 in
298 2568 422 2649 oppido
439 2568 577 2642 Cnosso,
595 2577 629 2630 et
644 2567 763 2630 dicitur
779 2569 883 2631 Vesta
900 2569 986 2630 hanc
1008 2567 1123 2631 urbem
1144 2587 1213 2632 cre·

135 2700 164 2734 10
199 2672 325 2747 auisse;
361 2672 461 2753 inque
487 2672 640 2752 sepulcro
667 2671 738 2734 eius
766 2681 816 2734 est
842 2671 1037 2752 inscriptum
1066 2671 1213 2752 antiquis

199 2776 315 2838 litteris
335 2774 470 2853 Graecis
494 2777 571 2837 ΖΑΝ
601 2777 775 2849 ΚΡΟΝΟΥ,
794 2775 827 2837 id
843 2784 895 2838 est
912 2775 1041 2850 Latine,
1060 2773 1214 2856 luppiter

199 2879 343 2945 Saturni.
892 2967 896 2975 ,
1036 2920 1111 2972 Lact.
1127 2919 1150 2970 1.
1167 2932 1210 2972 11.
