<?xml version="1.0" encoding="UTF-8"?>
<!DOCTYPE html PUBLIC "-//W3C//DTD XHTML 1.0 Transitional//EN"
    "http://www.w3.org/TR/xhtml1/DTD/xhtml1-transitional.dtd">
<html xmlns="http://www.w3.org/1999/xhtml" xml:lang="en" lang="en">
 <head>
  <title>
</title>
<meta http-equiv="Content-Type" content="text/html;charset=utf-8" />
  <meta name='ocr-system' content='tesseract 3.04.00' />
  <meta name='ocr-capabilities' content='ocr_page ocr_carea ocr_par ocr_line ocrx_word'/>
</head>
<body>
  <div class='ocr_page' id='page_1' title='image "./fragmentsromans00unkngoog_0051.png"; bbox 0 0 2684 4094; ppageno 0'>
   <div class='ocr_carea' id='block_1_1' title="bbox 220 221 798 271">
    <p class='ocr_par' dir='ltr' id='par_1_1' title="bbox 220 221 798 271">
     <span class='ocr_line' id='line_1_1' title="bbox 220 221 798 271; baseline -0.002 0"><span class='ocrx_word' id='word_1_1' title='bbox 220 223 430 271; x_wconf 85' lang='lat' dir='ltr'>FRAGMENTS</span> <span class='ocrx_word' id='word_1_2' title='bbox 453 223 498 271; x_wconf 86' lang='lat' dir='ltr'>OF</span> <span class='ocrx_word' id='word_1_3' title='bbox 523 221 648 271; x_wconf 83' lang='lat' dir='ltr'>ROMAN</span> <span class='ocrx_word' id='word_1_4' title='bbox 672 222 798 270; x_wconf 86' lang='lat' dir='ltr'>SATIRE</span> 
     </span>
    </p>
   </div>
   <div class='ocr_carea' id='block_1_2' title="bbox 275 396 742 573">
    <p class='ocr_par' dir='ltr' id='par_1_2' title="bbox 275 396 742 573">
     <span class='ocr_line' id='line_1_2' title="bbox 328 396 691 442; baseline -0.003 -1"><span class='ocrx_word' id='word_1_5' title='bbox 328 399 373 441; x_wconf 88' lang='lat' dir='ltr'>EX</span> <span class='ocrx_word' id='word_1_6' title='bbox 396 397 509 442; x_wconf 89' lang='lat' dir='ltr'>LIBRIS</span> <span class='ocrx_word' id='word_1_7' title='bbox 533 396 691 442; x_wconf 88' lang='lat' dir='ltr'>INCERTIS</span> 
     </span>
     <span class='ocr_line' id='line_1_3' title="bbox 275 504 742 573; baseline 0 -17"><span class='ocrx_word' id='word_1_8' title='bbox 275 504 331 557; x_wconf 73' lang='lat' dir='ltr'>Tne</span> <span class='ocrx_word' id='word_1_9' title='bbox 344 506 388 557; x_wconf 81' lang='lat' dir='ltr'>old</span> <span class='ocrx_word' id='word_1_10' title='bbox 401 505 506 557; x_wconf 83' lang='lat' dir='ltr'><em>Roman</em></span> <span class='ocrx_word' id='word_1_11' title='bbox 520 505 592 557; x_wconf 82' lang='lat' dir='ltr'>ideal</span> <span class='ocrx_word' id='word_1_12' title='bbox 604 505 639 573; x_wconf 91' lang='lat' dir='ltr'>of</span> <span class='ocrx_word' id='word_1_13' title='bbox 649 505 742 557; x_wconf 83' lang='lat' dir='ltr'>virtue.</span> 
     </span>
    </p>
   </div>
   <div class='ocr_carea' id='block_1_3' title="bbox 1 623 1064 2155">
    <p class='ocr_par' dir='ltr' id='par_1_3' title="bbox 1 623 1064 2155">
     <span class='ocr_line' id='line_1_4' title="bbox 1 623 914 706; baseline -0.003 -19"><span class='ocrx_word' id='word_1_14' title='bbox 1 643 33 706; x_wconf 86' lang='lat'>5.</span> <span class='ocrx_word' id='word_1_15' title='bbox 67 625 180 700; x_wconf 89' lang='lat' dir='ltr'>uirtus,</span> <span class='ocrx_word' id='word_1_16' title='bbox 199 623 351 697; x_wconf 86' lang='lat' dir='ltr'>Aibeine,</span> <span class='ocrx_word' id='word_1_17' title='bbox 370 633 420 685; x_wconf 92' lang='lat' dir='ltr'>est</span> <span class='ocrx_word' id='word_1_18' title='bbox 437 623 579 704; x_wconf 91' lang='lat' dir='ltr'>pretium</span> <span class='ocrx_word' id='word_1_19' title='bbox 597 623 787 704; x_wconf 86' lang='lat' dir='ltr'>persoluere</span> <span class='ocrx_word' id='word_1_20' title='bbox 804 642 914 685; x_wconf 88' lang='lat' dir='ltr'>rerum</span> 
     </span>
     <span class='ocr_line' id='line_1_5' title="bbox 66 725 964 811; baseline -0.001 -21"><span class='ocrx_word' id='word_1_21' title='bbox 66 729 159 811; x_wconf 86' lang='lat' dir='ltr'>queis</span> <span class='ocrx_word' id='word_1_22' title='bbox 175 729 208 790; x_wconf 91' lang='lat' dir='ltr'>in</span> <span class='ocrx_word' id='word_1_23' title='bbox 226 746 406 801; x_wconf 89' lang='lat' dir='ltr'>uersamur,</span> <span class='ocrx_word' id='word_1_24' title='bbox 425 725 518 807; x_wconf 90' lang='lat' dir='ltr'>queis</span> <span class='ocrx_word' id='word_1_25' title='bbox 535 726 677 788; x_wconf 91' lang='lat' dir='ltr'>uiuimus</span> <span class='ocrx_word' id='word_1_26' title='bbox 694 726 793 788; x_wconf 90' lang='lat' dir='ltr'>rebus</span> <span class='ocrx_word' id='word_1_27' title='bbox 810 736 964 807; x_wconf 84' lang='lat' dir='ltr'><strong>potesse:</strong></span> 
     </span>
     <span class='ocr_line' id='line_1_6' title="bbox 67 829 955 912; baseline -0.002 -18"><span class='ocrx_word' id='word_1_28' title='bbox 67 832 171 894; x_wconf 87' lang='lat' dir='ltr'>uirtus</span> <span class='ocrx_word' id='word_1_29' title='bbox 187 842 246 906; x_wconf 91' lang='lat' dir='ltr'>est,</span> <span class='ocrx_word' id='word_1_30' title='bbox 264 829 391 893; x_wconf 91' lang='lat' dir='ltr'>homini</span> <span class='ocrx_word' id='word_1_31' title='bbox 407 829 501 892; x_wconf 86' lang='lat' dir='ltr'>scirei</span> <span class='ocrx_word' id='word_1_32' title='bbox 518 851 583 911; x_wconf 95' lang='lat' dir='ltr'>quo</span> <span class='ocrx_word' id='word_1_33' title='bbox 600 849 752 912; x_wconf 90' lang='lat' dir='ltr'>quaeque</span> <span class='ocrx_word' id='word_1_34' title='bbox 768 829 867 892; x_wconf 91' lang='lat' dir='ltr'>abeat</span> <span class='ocrx_word' id='word_1_35' title='bbox 883 850 955 892; x_wconf 90' lang='lat' dir='ltr'>res:</span> 
     </span>
     <span class='ocr_line' id='line_1_7' title="bbox 66 933 1062 1015; baseline -0.002 -17"><span class='ocrx_word' id='word_1_36' title='bbox 66 936 180 1010; x_wconf 92' lang='lat' dir='ltr'>uirtus,</span> <span class='ocrx_word' id='word_1_37' title='bbox 199 934 293 998; x_wconf 88' lang='lat' dir='ltr'>scirei</span> <span class='ocrx_word' id='word_1_38' title='bbox 310 933 435 996; x_wconf 91' lang='lat' dir='ltr'>homini</span> <span class='ocrx_word' id='word_1_39' title='bbox 451 943 587 1008; x_wconf 86' lang='lat' dir='ltr'>rectum,</span> <span class='ocrx_word' id='word_1_40' title='bbox 606 934 694 1008; x_wconf 89' lang='lat' dir='ltr'>utile,</span> <span class='ocrx_word' id='word_1_41' title='bbox 713 933 792 1015; x_wconf 94' lang='lat' dir='ltr'>quid</span> <span class='ocrx_word' id='word_1_42' title='bbox 809 933 851 996; x_wconf 92' lang='lat' dir='ltr'>sit</span> <span class='ocrx_word' id='word_1_43' title='bbox 871 936 1062 1009; x_wconf 89' lang='lat' dir='ltr'>honestum,</span> 
     </span>
     <span class='ocr_line' id='line_1_8' title="bbox 18 1027 1064 1121; baseline 0 -20"><span class='ocrx_word' id='word_1_44' title='bbox 18 1066 31 1118; x_wconf 82' lang='lat'><strong>5</strong></span> <span class='ocrx_word' id='word_1_45' title='bbox 66 1027 151 1121; x_wconf 90' lang='lat' dir='ltr'>quae</span> <span class='ocrx_word' id='word_1_46' title='bbox 170 1038 267 1113; x_wconf 90' lang='lat' dir='ltr'>bona,</span> <span class='ocrx_word' id='word_1_47' title='bbox 285 1057 370 1119; x_wconf 90' lang='lat' dir='ltr'>quae</span> <span class='ocrx_word' id='word_1_48' title='bbox 390 1037 476 1099; x_wconf 91' lang='lat' dir='ltr'>mala</span> <span class='ocrx_word' id='word_1_49' title='bbox 495 1037 583 1112; x_wconf 90' lang='lat' dir='ltr'>item,</span> <span class='ocrx_word' id='word_1_50' title='bbox 602 1036 680 1117; x_wconf 92' lang='lat' dir='ltr'>quid</span> <span class='ocrx_word' id='word_1_51' title='bbox 702 1036 827 1111; x_wconf 92' lang='lat' dir='ltr'>inutile,</span> <span class='ocrx_word' id='word_1_52' title='bbox 845 1046 951 1120; x_wconf 88' lang='lat' dir='ltr'>turpe,</span> <span class='ocrx_word' id='word_1_53' title='bbox 970 1038 1064 1101; x_wconf 92' lang='lat' dir='ltr'>inho-</span> 
     </span>
     <span class='ocr_line' id='line_1_9' title="bbox 153 1151 303 1204; baseline -0.007 -1"><span class='ocrx_word' id='word_1_54' title='bbox 153 1151 303 1204; x_wconf 87' lang='lat' dir='ltr'>nestum:</span> 
     </span>
     <span class='ocr_line' id='line_1_10' title="bbox 66 1243 912 1327; baseline -0.001 -19"><span class='ocrx_word' id='word_1_55' title='bbox 66 1247 179 1320; x_wconf 91' lang='lat' dir='ltr'>uirtus,</span> <span class='ocrx_word' id='word_1_56' title='bbox 197 1244 407 1327; x_wconf 81' lang='lat' dir='ltr'>quaerendae</span> <span class='ocrx_word' id='word_1_57' title='bbox 424 1245 523 1305; x_wconf 88' lang='lat' dir='ltr'>finem</span> <span class='ocrx_word' id='word_1_58' title='bbox 540 1263 575 1305; x_wconf 93' lang='lat' dir='ltr'>re</span> <span class='ocrx_word' id='word_1_59' title='bbox 592 1243 675 1307; x_wconf 90' lang='lat' dir='ltr'>scire</span> <span class='ocrx_word' id='word_1_60' title='bbox 692 1244 912 1326; x_wconf 90' lang='lat' dir='ltr'>modumque:</span> 
     </span>
     <span class='ocr_line' id='line_1_11' title="bbox 66 1347 820 1429; baseline -0.003 -17"><span class='ocrx_word' id='word_1_61' title='bbox 66 1350 180 1423; x_wconf 89' lang='lat' dir='ltr'>uirtus,</span> <span class='ocrx_word' id='word_1_62' title='bbox 197 1348 320 1411; x_wconf 91' lang='lat' dir='ltr'>diuitiis</span> <span class='ocrx_word' id='word_1_63' title='bbox 337 1347 478 1429; x_wconf 91' lang='lat' dir='ltr'>pretium</span> <span class='ocrx_word' id='word_1_64' title='bbox 495 1348 686 1428; x_wconf 89' lang='lat' dir='ltr'>persoluere</span> <span class='ocrx_word' id='word_1_65' title='bbox 703 1368 820 1428; x_wconf 92' lang='lat' dir='ltr'>posse:</span> 
     </span>
     <span class='ocr_line' id='line_1_12' title="bbox 66 1450 919 1533; baseline -0.002 -18"><span class='ocrx_word' id='word_1_66' title='bbox 66 1453 180 1527; x_wconf 91' lang='lat' dir='ltr'>uirtus,</span> <span class='ocrx_word' id='word_1_67' title='bbox 198 1453 229 1514; x_wconf 94' lang='lat' dir='ltr'>id</span> <span class='ocrx_word' id='word_1_68' title='bbox 247 1453 325 1514; x_wconf 89' lang='lat' dir='ltr'>dare</span> <span class='ocrx_word' id='word_1_69' title='bbox 342 1451 430 1533; x_wconf 94' lang='lat' dir='ltr'>quod</span> <span class='ocrx_word' id='word_1_70' title='bbox 447 1470 482 1512; x_wconf 95' lang='lat' dir='ltr'>re</span> <span class='ocrx_word' id='word_1_71' title='bbox 499 1450 572 1531; x_wconf 91' lang='lat' dir='ltr'>ipsa</span> <span class='ocrx_word' id='word_1_72' title='bbox 587 1450 736 1526; x_wconf 92' lang='lat' dir='ltr'>debetur,</span> <span class='ocrx_word' id='word_1_73' title='bbox 755 1451 889 1528; x_wconf 90' lang='lat' dir='ltr'>honori;</span> <span class='ocrx_word' id='word_1_74' title='bbox 914 1491 919 1500; x_wconf 51' lang='grc' dir='ltr'><strong><em>ι</em></strong></span> 
     </span>
     <span class='ocr_line' id='line_1_13' title="bbox 66 1554 1062 1638; baseline -0.001 -19"><span class='ocrx_word' id='word_1_75' title='bbox 66 1558 195 1619; x_wconf 90' lang='lat' dir='ltr'>hostem</span> <span class='ocrx_word' id='word_1_76' title='bbox 212 1575 285 1617; x_wconf 90' lang='lat' dir='ltr'>esse</span> <span class='ocrx_word' id='word_1_77' title='bbox 302 1565 401 1637; x_wconf 93' lang='lat' dir='ltr'>atque</span> <span class='ocrx_word' id='word_1_78' title='bbox 418 1554 586 1616; x_wconf 88' lang='lat' dir='ltr'>inimicum</span> <span class='ocrx_word' id='word_1_79' title='bbox 602 1555 773 1617; x_wconf 91' lang='lat' dir='ltr'>hominum</span> <span class='ocrx_word' id='word_1_80' title='bbox 786 1575 982 1638; x_wconf 91' lang='lat' dir='ltr'>morumque</span> <span class='ocrx_word' id='word_1_81' title='bbox 996 1577 1062 1618; x_wconf 90' lang='lat' dir='ltr'>ma-</span> 
     </span>
     <span class='ocr_line' id='line_1_14' title="bbox 154 1639 805 1733; baseline -0.005 -11"><span class='ocrx_word' id='word_1_82' title='bbox 154 1661 269 1733; x_wconf 91' lang='lat' dir='ltr'>lorum,</span> <span class='ocrx_word' id='word_1_83' title='bbox 800 1639 805 1647; x_wconf 44' lang='lat'><strong><em>¹</em></strong></span> 
     </span>
     <span class='ocr_line' id='line_1_15' title="bbox 2 1751 999 1844; baseline -0.002 -16"><span class='ocrx_word' id='word_1_84' title='bbox 2 1793 32 1828; x_wconf 90' lang='lat'>10</span> <span class='ocrx_word' id='word_1_85' title='bbox 66 1774 182 1828; x_wconf 89' lang='lat' dir='ltr'>contra</span> <span class='ocrx_word' id='word_1_86' title='bbox 198 1764 410 1825; x_wconf 81' lang='lat' dir='ltr'>defensorem</span> <span class='ocrx_word' id='word_1_87' title='bbox 428 1761 598 1824; x_wconf 90' lang='lat' dir='ltr'>hominum</span> <span class='ocrx_word' id='word_1_88' title='bbox 615 1751 811 1844; x_wconf 89' lang='lat' dir='ltr'>morumque</span> <span class='ocrx_word' id='word_1_89' title='bbox 826 1763 999 1838; x_wconf 89' lang='lat' dir='ltr'>bonorum,</span> 
     </span>
     <span class='ocr_line' id='line_1_16' title="bbox 66 1865 1061 1948; baseline -0.001 -18"><span class='ocrx_word' id='word_1_90' title='bbox 66 1869 127 1930; x_wconf 94' lang='lat' dir='ltr'>hos</span> <span class='ocrx_word' id='word_1_91' title='bbox 154 1866 267 1948; x_wconf 87' lang='lat' dir='ltr'>magni</span> <span class='ocrx_word' id='word_1_92' title='bbox 293 1867 414 1941; x_wconf 84' lang='lat' dir='ltr'>facere,</span> <span class='ocrx_word' id='word_1_93' title='bbox 444 1865 495 1927; x_wconf 94' lang='lat' dir='ltr'>his</span> <span class='ocrx_word' id='word_1_94' title='bbox 521 1866 607 1928; x_wconf 93' lang='lat' dir='ltr'>bene</span> <span class='ocrx_word' id='word_1_95' title='bbox 634 1866 729 1942; x_wconf 92' lang='lat' dir='ltr'>uelle,</span> <span class='ocrx_word' id='word_1_96' title='bbox 759 1867 810 1929; x_wconf 94' lang='lat' dir='ltr'>his</span> <span class='ocrx_word' id='word_1_97' title='bbox 838 1867 1061 1946; x_wconf 67' lang='lat' dir='ltr'>uiuereami-</span> 
     </span>
     <span class='ocr_line' id='line_1_17' title="bbox 152 1991 247 2046; baseline -0.021 -12"><span class='ocrx_word' id='word_1_98' title='bbox 152 1991 247 2046; x_wconf 88' lang='lat' dir='ltr'>cum;</span> 
     </span>
     <span class='ocr_line' id='line_1_18' title="bbox 66 2072 830 2155; baseline -0.004 -17"><span class='ocrx_word' id='word_1_99' title='bbox 66 2074 241 2138; x_wconf 88' lang='lat' dir='ltr'>commoda</span> <span class='ocrx_word' id='word_1_100' title='bbox 256 2082 430 2155; x_wconf 91' lang='lat' dir='ltr'>praeterea</span> <span class='ocrx_word' id='word_1_101' title='bbox 446 2072 564 2153; x_wconf 88' lang='lat' dir='ltr'>patriai</span> <span class='ocrx_word' id='word_1_102' title='bbox 581 2072 686 2153; x_wconf 91' lang='lat' dir='ltr'>prima</span> <span class='ocrx_word' id='word_1_103' title='bbox 703 2083 830 2153; x_wconf 89' lang='lat' dir='ltr'>putare,</span> 
     </span>
    </p>
   </div>
   <div class='ocr_carea' id='block_1_4' title="bbox 66 2176 1059 2349">
    <p class='ocr_par' dir='ltr' id='par_1_4' title="bbox 66 2176 1059 2349">
     <span class='ocr_line' id='line_1_19' title="bbox 66 2176 1041 2260; baseline -0.003 -17"><span class='ocrx_word' id='word_1_104' title='bbox 66 2179 187 2243; x_wconf 89' lang='lat' dir='ltr'>deinde</span> <span class='ocrx_word' id='word_1_105' title='bbox 203 2187 387 2260; x_wconf 90' lang='lat' dir='ltr'>parentum,</span> <span class='ocrx_word' id='word_1_106' title='bbox 405 2176 503 2239; x_wconf 89' lang='lat' dir='ltr'>tertia</span> <span class='ocrx_word' id='word_1_107' title='bbox 519 2176 583 2238; x_wconf 91' lang='lat' dir='ltr'>iam</span> <span class='ocrx_word' id='word_1_108' title='bbox 601 2187 835 2259; x_wconf 87' lang='lat' dir='ltr'>postremaque</span> <span class='ocrx_word' id='word_1_109' title='bbox 852 2188 975 2240; x_wconf 87' lang='lat' dir='ltr'>nostra.</span> <span class='ocrx_word' id='word_1_110' title='bbox 1001 2197 1005 2204; x_wconf 76' lang='grc'><em>“</em></span> <span class='ocrx_word' id='word_1_111' title='bbox 1038 2252 1041 2255; x_wconf 34' lang='grc'><strong>,</strong></span> 
     </span>
     <span class='ocr_line' id='line_1_20' title="bbox 756 2279 1059 2349; baseline 0.007 -19"><span class='ocrx_word' id='word_1_112' title='bbox 756 2279 830 2332; x_wconf 89' lang='lat' dir='ltr'>Lact.</span> <span class='ocrx_word' id='word_1_113' title='bbox 845 2279 912 2331; x_wconf 81' lang='lat' dir='ltr'>[nst.</span> <span class='ocrx_word' id='word_1_114' title='bbox 924 2281 975 2332; x_wconf 93' lang='lat' dir='ltr'>VI.</span> <span class='ocrx_word' id='word_1_115' title='bbox 992 2295 1017 2349; x_wconf 82' lang='lat'>5.</span> <span class='ocrx_word' id='word_1_116' title='bbox 1033 2296 1059 2332; x_wconf 88' lang='lat'>2.</span> 
     </span>
    </p>
   </div>
   <div class='ocr_carea' id='block_1_5' title="bbox 262 2406 749 2478">
    <p class='ocr_par' dir='ltr' id='par_1_5' title="bbox 262 2406 749 2478">
     <span class='ocr_line' id='line_1_21' title="bbox 262 2406 749 2478; baseline -0.008 -16"><span class='ocrx_word' id='word_1_117' title='bbox 262 2409 325 2478; x_wconf 84' lang='lat' dir='ltr'>Life</span> <span class='ocrx_word' id='word_1_118' title='bbox 337 2409 360 2462; x_wconf 81' lang='lat' dir='ltr'>is</span> <span class='ocrx_word' id='word_1_119' title='bbox 372 2425 410 2460; x_wconf 82' lang='lat' dir='ltr'>an</span> <span class='ocrx_word' id='word_1_120' title='bbox 423 2408 505 2460; x_wconf 84' lang='lat' dir='ltr'><em>active</em></span> <span class='ocrx_word' id='word_1_121' title='bbox 515 2408 595 2476; x_wconf 82' lang='lat' dir='ltr'>force</span> <span class='ocrx_word' id='word_1_122' title='bbox 607 2406 696 2459; x_wconf 76' lang='lat' dir='ltr'>within</span> <span class='ocrx_word' id='word_1_123' title='bbox 709 2424 749 2459; x_wconf 80' lang='lat' dir='ltr'>us.</span> 
     </span>
    </p>
   </div>
   <div class='ocr_carea' id='block_1_6' title="bbox 7 2525 1092 2696">
    <p class='ocr_par' dir='ltr' id='par_1_6' title="bbox 7 2525 1092 2696">
     <span class='ocr_line' id='line_1_22' title="bbox 7 2525 1092 2617; baseline 0.005 -30"><span class='ocrx_word' id='word_1_124' title='bbox 7 2533 49 2595; x_wconf 79' lang='grc'>.’</span> <span class='ocrx_word' id='word_1_125' title='bbox 80 2530 131 2593; x_wconf 90' lang='lat' dir='ltr'>uis</span> <span class='ocrx_word' id='word_1_126' title='bbox 147 2538 198 2593; x_wconf 91' lang='lat' dir='ltr'>est</span> <span class='ocrx_word' id='word_1_127' title='bbox 213 2528 290 2604; x_wconf 88' lang='lat' dir='ltr'>uita,</span> <span class='ocrx_word' id='word_1_128' title='bbox 308 2527 420 2603; x_wconf 91' lang='lat' dir='ltr'>uides;</span> <span class='ocrx_word' id='word_1_129' title='bbox 445 2525 496 2589; x_wconf 92' lang='lat' dir='ltr'>uis</span> <span class='ocrx_word' id='word_1_130' title='bbox 512 2546 573 2588; x_wconf 92' lang='lat' dir='ltr'>nos</span> <span class='ocrx_word' id='word_1_131' title='bbox 589 2527 700 2590; x_wconf 83' lang='lat' dir='ltr'>facere</span> <span class='ocrx_word' id='word_1_132' title='bbox 717 2526 828 2617; x_wconf 85' lang='lat' dir='ltr'>omnia</span> <span class='ocrx_word' id='word_1_133' title='bbox 844 2527 940 2609; x_wconf 87' lang='lat' dir='ltr'>cogit.</span> <span class='ocrx_word' id='word_1_134' title='bbox 1047 2566 1049 2570; x_wconf 93' lang='lat'>·</span> <span class='ocrx_word' id='word_1_135' title='bbox 1089 2586 1092 2592; x_wconf 93' lang='lat'>.</span> 
     </span>
     <span class='ocr_line' id='line_1_23' title="bbox 554 2628 1060 2696; baseline 0.002 -17"><span class='ocrx_word' id='word_1_136' title='bbox 554 2629 556 2634; x_wconf 56' lang='lat'><strong><em>⁴</em></strong></span> <span class='ocrx_word' id='word_1_137' title='bbox 784 2628 1060 2696; x_wconf 88' lang='lat' dir='ltr'>Varr.L.L.V.63.</span> 
     </span>
    </p>
   </div>
   <div class='ocr_carea' id='block_1_7' title="bbox 211 2758 808 2827">
    <p class='ocr_par' dir='ltr' id='par_1_7' title="bbox 211 2758 808 2827">
     <span class='ocr_line' id='line_1_24' title="bbox 211 2758 808 2827; baseline -0.007 -15"><span class='ocrx_word' id='word_1_138' title='bbox 211 2760 267 2813; x_wconf 70' lang='lat' dir='ltr'>The</span> <span class='ocrx_word' id='word_1_139' title='bbox 279 2761 327 2812; x_wconf 87' lang='lat' dir='ltr'>low</span> <span class='ocrx_word' id='word_1_140' title='bbox 340 2760 423 2812; x_wconf 81' lang='lat' dir='ltr'>ideols</span> <span class='ocrx_word' id='word_1_141' title='bbox 436 2758 471 2827; x_wconf 85' lang='lat' dir='ltr'>os</span> <span class='ocrx_word' id='word_1_142' title='bbox 479 2758 520 2809; x_wconf 71' lang='lat' dir='ltr'>tite</span> <span class='ocrx_word' id='word_1_143' title='bbox 528 2765 635 2825; x_wconf 77' lang='lat' dir='ltr'>present</span> <span class='ocrx_word' id='word_1_144' title='bbox 647 2758 808 2826; x_wconf 75' lang='lat' dir='ltr'>yeneration.</span> 
     </span>
    </p>
   </div>
   <div class='ocr_carea' id='block_1_8' title="bbox 1 2877 1013 3472">
    <p class='ocr_par' dir='ltr' id='par_1_8' title="bbox 1 2877 1013 3273">
     <span class='ocr_line' id='line_1_25' title="bbox 1 2877 1013 2959; baseline -0.003 -16"><span class='ocrx_word' id='word_1_145' title='bbox 1 2898 33 2959; x_wconf 85' lang='lat'>7.</span> <span class='ocrx_word' id='word_1_146' title='bbox 66 2901 154 2944; x_wconf 91' lang='lat' dir='ltr'>nunc</span> <span class='ocrx_word' id='word_1_147' title='bbox 171 2900 250 2942; x_wconf 90' lang='lat' dir='ltr'>uero</span> <span class='ocrx_word' id='word_1_148' title='bbox 267 2900 286 2940; x_wconf 91' lang='lat' dir='ltr'>a</span> <span class='ocrx_word' id='word_1_149' title='bbox 303 2898 399 2940; x_wconf 91' lang='lat' dir='ltr'>mane</span> <span class='ocrx_word' id='word_1_150' title='bbox 416 2877 458 2953; x_wconf 90' lang='lat' dir='ltr'>ad</span> <span class='ocrx_word' id='word_1_151' title='bbox 475 2886 615 2951; x_wconf 89' lang='lat' dir='ltr'>noctem,</span> <span class='ocrx_word' id='word_1_152' title='bbox 633 2877 721 2938; x_wconf 82' lang='lat' dir='ltr'>festo</span> <span class='ocrx_word' id='word_1_153' title='bbox 737 2886 838 2958; x_wconf 89' lang='lat' dir='ltr'>atque</span> <span class='ocrx_word' id='word_1_154' title='bbox 854 2877 1013 2956; x_wconf 84' lang='lat' dir='ltr'>profesto,</span> 
     </span>
     <span class='ocr_line' id='line_1_26' title="bbox 65 2980 963 3064; baseline -0.006 -16"><span class='ocrx_word' id='word_1_155' title='bbox 65 2996 135 3048; x_wconf 95' lang='lat' dir='ltr'>toto</span> <span class='ocrx_word' id='word_1_156' title='bbox 152 2984 264 3047; x_wconf 91' lang='lat' dir='ltr'>itidem</span> <span class='ocrx_word' id='word_1_157' title='bbox 282 2982 470 3064; x_wconf 88' lang='lat' dir='ltr'>pariterque</span> <span class='ocrx_word' id='word_1_158' title='bbox 487 2981 540 3043; x_wconf 93' lang='lat' dir='ltr'>die</span> <span class='ocrx_word' id='word_1_159' title='bbox 557 2980 768 3062; x_wconf 92' lang='lat' dir='ltr'>populusque</span> <span class='ocrx_word' id='word_1_160' title='bbox 784 2990 963 3062; x_wconf 90' lang='lat' dir='ltr'>patresque</span> 
     </span>
     <span class='ocr_line' id='line_1_27' title="bbox 67 3075 939 3165; baseline -0.009 -13"><span class='ocrx_word' id='word_1_161' title='bbox 67 3090 189 3152; x_wconf 89' lang='lat' dir='ltr'>iactare</span> <span class='ocrx_word' id='word_1_162' title='bbox 205 3088 284 3150; x_wconf 91' lang='lat' dir='ltr'>indu</span> <span class='ocrx_word' id='word_1_163' title='bbox 301 3087 375 3149; x_wconf 86' lang='lat' dir='ltr'>foro</span> <span class='ocrx_word' id='word_1_164' title='bbox 392 3105 427 3147; x_wconf 87' lang='lat' dir='ltr'>se</span> <span class='ocrx_word' id='word_1_165' title='bbox 443 3104 568 3159; x_wconf 90' lang='lat' dir='ltr'>omnes,</span> <span class='ocrx_word' id='word_1_166' title='bbox 586 3075 748 3146; x_wconf 87' lang='lat' dir='ltr'>decedere</span> <span class='ocrx_word' id='word_1_167' title='bbox 764 3076 939 3165; x_wconf 89' lang='lat' dir='ltr'>nusquam,</span> 
     </span>
     <span class='ocr_line' id='line_1_28' title="bbox 67 3188 965 3273; baseline -0.006 -18"><span class='ocrx_word' id='word_1_168' title='bbox 67 3194 124 3255; x_wconf 92' lang='lat' dir='ltr'>uni</span> <span class='ocrx_word' id='word_1_169' title='bbox 141 3213 176 3254; x_wconf 92' lang='lat' dir='ltr'>se</span> <span class='ocrx_word' id='word_1_170' title='bbox 193 3191 301 3273; x_wconf 90' lang='lat' dir='ltr'>adque</span> <span class='ocrx_word' id='word_1_171' title='bbox 317 3189 424 3252; x_wconf 91' lang='lat' dir='ltr'>eidem</span> <span class='ocrx_word' id='word_1_172' title='bbox 442 3188 550 3250; x_wconf 92' lang='lat' dir='ltr'>studio</span> <span class='ocrx_word' id='word_1_173' title='bbox 566 3207 682 3250; x_wconf 90' lang='lat' dir='ltr'>omnes</span> <span class='ocrx_word' id='word_1_174' title='bbox 698 3188 820 3249; x_wconf 92' lang='lat' dir='ltr'>dedere</span> <span class='ocrx_word' id='word_1_175' title='bbox 836 3197 869 3249; x_wconf 91' lang='lat' dir='ltr'>et</span> <span class='ocrx_word' id='word_1_176' title='bbox 885 3188 965 3264; x_wconf 80' lang='lat' dir='ltr'>arti3</span> 
     </span>
    </p>

    <p class='ocr_par' dir='ltr' id='par_1_9' title="bbox 19 3292 902 3472">
     <span class='ocr_line' id='line_1_29' title="bbox 19 3292 902 3375; baseline -0.007 -15"><span class='ocrx_word' id='word_1_177' title='bbox 19 3323 32 3375; x_wconf 83' lang='lat'>5</span> <span class='ocrx_word' id='word_1_178' title='bbox 67 3296 170 3360; x_wconf 90' lang='lat' dir='ltr'>uerba</span> <span class='ocrx_word' id='word_1_179' title='bbox 186 3297 265 3358; x_wconf 89' lang='lat' dir='ltr'>dare</span> <span class='ocrx_word' id='word_1_180' title='bbox 282 3304 316 3356; x_wconf 89' lang='lat' dir='ltr'>ut</span> <span class='ocrx_word' id='word_1_181' title='bbox 333 3303 429 3356; x_wconf 88' lang='lat' dir='ltr'>caute</span> <span class='ocrx_word' id='word_1_182' title='bbox 446 3292 583 3373; x_wconf 88' lang='lat' dir='ltr'>possint,</span> <span class='ocrx_word' id='word_1_183' title='bbox 602 3311 753 3371; x_wconf 87' lang='lat' dir='ltr'>pugnare</span> <span class='ocrx_word' id='word_1_184' title='bbox 770 3292 902 3367; x_wconf 89' lang='lat' dir='ltr'>dolose;</span> 
     </span>
     <span class='ocr_line' id='line_1_30' title="bbox 67 3395 885 3472; baseline -0.007 -9"><span class='ocrx_word' id='word_1_185' title='bbox 67 3400 227 3463; x_wconf 84' lang='lat' dir='ltr'>blanditia</span> <span class='ocrx_word' id='word_1_186' title='bbox 243 3408 378 3472; x_wconf 88' lang='lat' dir='ltr'>certare,</span> <span class='ocrx_word' id='word_1_187' title='bbox 396 3396 519 3459; x_wconf 91' lang='lat' dir='ltr'>bonum</span> <span class='ocrx_word' id='word_1_188' title='bbox 537 3395 690 3458; x_wconf 90' lang='lat' dir='ltr'>simulare</span> <span class='ocrx_word' id='word_1_189' title='bbox 708 3395 814 3456; x_wconf 90' lang='lat' dir='ltr'>uirum</span> <span class='ocrx_word' id='word_1_190' title='bbox 831 3415 885 3471; x_wconf 90' lang='lat' dir='ltr'>se;</span> 
     </span>
    </p>
   </div>
   <div class='ocr_carea' id='block_1_9' title="bbox 67 3498 1059 3671">
    <p class='ocr_par' dir='ltr' id='par_1_10' title="bbox 67 3498 1059 3671">
     <span class='ocr_line' id='line_1_31' title="bbox 67 3498 958 3577; baseline -0.007 -9"><span class='ocrx_word' id='word_1_191' title='bbox 67 3505 203 3568; x_wconf 91' lang='lat' dir='ltr'>insidias</span> <span class='ocrx_word' id='word_1_192' title='bbox 220 3505 340 3577; x_wconf 82' lang='lat' dir='ltr'>facere,</span> <span class='ocrx_word' id='word_1_193' title='bbox 358 3511 395 3564; x_wconf 93' lang='lat' dir='ltr'>ut</span> <span class='ocrx_word' id='word_1_194' title='bbox 411 3500 439 3563; x_wconf 91' lang='lat' dir='ltr'>si</span> <span class='ocrx_word' id='word_1_195' title='bbox 455 3501 568 3563; x_wconf 91' lang='lat' dir='ltr'>hostes</span> <span class='ocrx_word' id='word_1_196' title='bbox 584 3499 649 3561; x_wconf 92' lang='lat' dir='ltr'>sint</span> <span class='ocrx_word' id='word_1_197' title='bbox 666 3498 818 3561; x_wconf 90' lang='lat' dir='ltr'>omnibus</span> <span class='ocrx_word' id='word_1_198' title='bbox 834 3519 958 3562; x_wconf 84' lang='lat' dir='ltr'>omnes</span> 
     </span>
     <span class='ocr_line' id='line_1_32' title="bbox 762 3599 1059 3671; baseline 0 -19"><span class='ocrx_word' id='word_1_199' title='bbox 762 3601 839 3653; x_wconf 82' lang='lat' dir='ltr'>Lact.</span> <span class='ocrx_word' id='word_1_200' title='bbox 854 3599 872 3650; x_wconf 94' lang='lat' dir='ltr'><em>I</em></span> <span class='ocrx_word' id='word_1_201' title='bbox 872 3609 919 3652; x_wconf 79' lang='lat' dir='ltr'>nst.</span> <span class='ocrx_word' id='word_1_202' title='bbox 930 3602 964 3653; x_wconf 88' lang='lat' dir='ltr'>V.</span> <span class='ocrx_word' id='word_1_203' title='bbox 978 3618 1003 3671; x_wconf 90' lang='lat'>9.</span> <span class='ocrx_word' id='word_1_204' title='bbox 1016 3616 1059 3654; x_wconf 86' lang='lat'>20.</span> 
     </span>
    </p>
   </div>
   <div class='ocr_carea' id='block_1_10' title="bbox 0 0 1346 4094">
    <p class='ocr_par' dir='ltr' id='par_1_11' title="bbox 0 0 1346 4094">
     <span class='ocr_line' id='line_1_33' title="bbox 0 0 1346 4094; baseline 0 0"><span class='ocrx_word' id='word_1_205' title='bbox 0 0 1346 4094; x_wconf 95' lang='lat' dir='ltr'> </span> 
     </span>
    </p>
   </div>
  </div>
 </body>
</html>
