2684 4094
583 271 705 322 vanno
1152 275 1195 342 47

384 425 511 478 Immense
524 425 634 478 dowries
648 443 693 477 are
707 425 816 477 insisted
828 442 906 494 upon,

96 551 148 614 15.
181 531 268 597 dotls
279 513 357 596 dato
367 530 509 595 insulam
523 531 698 616 Chrysam,
710 551 827 612 agrum
839 531 1041 606 Caecubum,
1053 530 1196 613 seplasia

182 637 328 727 Capuae,
345 636 520 699 macellum
540 633 681 698 Romuli.
982 663 1059 716 Non,
1074 662 1135 714 226,
1153 677 1192 728 14·

264 814 332 866 And
345 813 478 882 murriape
491 813 580 882 bepins
593 814 625 881 by
632 812 753 882 purqiny
766 813 806 864 the
814 829 898 881 porse
910 813 1021 882 ospold.

97 921 147 983 16.
225 926 259 979 et
280 917 509 1001 Hymenaeus,
530 915 587 997 qui
607 914 714 997 primo
736 915 848 977 lauere
869 915 981 977 aluum
1003 915 1195 996 marsuppio

182 1019 275 1084 3⁰let·
609 1104 614 1114 ,
742 1103 747 1114 ,
984 1046 1059 1098 Non.
1076 1059 1125 1113 503
1152 1060 1193 1112 23·

370 1104 426 1156 But
438 1122 471 1156 no
484 1104 574 1156 weulllc
589 1105 645 1155 rrds
658 1104 698 1155 lle
711 1105 785 1155 mand
798 1104 833 1173 os
839 1120 921 1155 cares.

98 1224 150 1285 17.
183 1229 250 1270 non
268 1208 303 1270 fit
318 1207 494 1280 thesauris,
512 1226 580 1268 non
597 1226 678 1268 auro
695 1215 812 1287 pectus
829 1206 992 1280 solutum3

183 1332 251 1375 non
267 1310 406 1373 demunt
422 1310 540 1372 animis
557 1330 651 1372 caras
668 1330 706 1372 ac
723 1308 915 1389 relligiones

185 1416 360 1478 Persarum
376 1424 516 1490 montes,
534 1435 601 1476 non
618 1413 701 1476 atria
717 1412 829 1476 diuitis
846 1412 965 1476 Crassi.
1012 1469 1085 1521 Non·
1100 1481 1152 1536 379
1173 1468 1189 1519 3

561 1647 733 1693 BIMARCVS
1039 1713 1041 1716 ι

103 1742 170 1811 Why
192 1744 288 1796 should
312 1752 355 1796 nol
380 1742 463 1796 Varro
481 1743 552 1795 write
571 1760 654 1795 verses
680 1745 751 1795 ouen
769 1745 833 1796 such
852 1761 868 1796 a
887 1760 948 1796 mon
966 1760 997 1795 as
1018 1743 1129 1796 Clodius
1147 1760 1199 1793 con

508 1847 626 1898 composa
645 1831 793 1883 concilies?

100 1934 151 1997 18.
228 1953 303 1996 curn
316 1933 495 2015 Quintipor
506 1933 643 1997 Clodius
655 1944 705 1996 tot
717 1933 907 1996 comoedias
920 1924 991 1995 'sine
1004 1933 1070 1995 ulla
1082 1932 1198 1994 fecerit

184 2057 288 2113 musa,
307 2057 369 2118 ego
387 2058 490 2100 unum
507 2036 653 2100 libellum
671 2058 738 2099 non
753 2038 921 2113 ‘edolem,’
935 2047 971 2100 ut
987 2039 1032 2100 ait
1047 2037 1198 2098 Ennius?

988 2140 1062 2191 Non.
1078 2139 1139 2202 448.
1158 2152 1197 2188 10.

342 2215 482 2284 Theresore
495 2218 525 2268 le
539 2234 601 2269 once
613 2234 682 2268 more
691 2228 754 2286 puls
763 2235 818 2285 pen
831 2226 856 2270 lo
864 2234 959 2285 papan,

100 2324 152 2384 19.
229 2305 317 2380 inibi,
336 2326 411 2369 curn
434 2306 560 2368 dudum
584 2307 649 2369 stili
672 2316 778 2369 rostro
802 2307 922 2391 papyri
945 2306 1045 2368 inleui
1069 2327 1197 2387 scapos,

109 2484 110 2487 Ἴ
184 2409 336 2490 concipio
353 2430 477 2472 nouom
494 2419 626 2491 parturn
643 2410 808 2492 poeticon.
987 2438 1061 2489 Non·
1081 2436 1138 2488 168.
1157 2451 1196 2503 ¹3·
1246 2455 1249 2462 .

96 2585 150 2638 Bul
165 2595 239 2638 turns
251 2587 327 2656 from
342 2604 412 2639 verse
428 2596 451 2640 lo
467 2605 545 2655 prose
557 2587 608 2657 sor
621 2588 773 2641 occasionul
791 2588 873 2656 relies
877 2589 952 2658 from
968 2589 1007 2640 tle
1025 2588 1195 2655 confinemenl

582 2675 617 2742 of
622 2683 711 2726 meter.

98 2794 151 2841 20.
184 2777 296 2839 neme
313 2777 456 2859 pedatus
475 2773 572 2862 [lste]
592 2775 748 2840 uersuum
765 2776 878 2841 tardor

184 2881 332 2984 refrenet
348 2892 428 2957 arte,
447 2879 628 2962 comprimo
645 2879 825 2966 rhythmon
844 2883 977 2945 sertum.
996 2951 1061 3002 Non
1084 2963 1135 3016 229
1158 2963 1186 2999 2¹

101 3056 154 3108 The
173 3058 367 3126 old-faskioned
385 3059 499 3111 Marcus
519 3059 542 3111 is
555 3059 671 3128 churyed
687 3059 719 3126 by
731 3060 771 3110 tlte
785 3059 990 3128 neusaslioned
1007 3059 1121 3110 Morcus
1140 3058 1198 3108 will
1289 3117 1291 3122 Ι

183 3144 327 3213 ἱροονανιοο
346 3145 381 3215 os
393 3147 433 3197 lle
445 3146 616 3214 foslionable
636 3145 773 3214 Skepticol
792 3148 886 3208 τρόποι,
905 3147 961 3197 ond
980 3147 1038 3197 wilh
1051 3145 1199 3213 sorqeuiny

184 3231 238 3282 thol
250 3233 263 3280 ὁ
275 3235 431 3294 πολύτροπος
444 3235 567 3283 Οδυσοεύς
581 3250 633 3284 was
646 3233 702 3285 also
714 3250 761 3284 one
774 3233 809 3302 os
817 3234 887 3284 tlose
901 3233 1006 3285 ancient
1017 3235 1106 3285 heroes
1120 3233 1198 3283 whom

184 3319 215 3370 lte
227 3319 360 3387 professes
373 3328 397 3371 to
410 3319 519 3370 admira

97 3437 150 3482 21.
183 3417 311 3501 τρόπων
326 3416 463 3501 τρόπους
480 3421 535 3503 qui
552 3420 619 3484 non
635 3422 734 3484 modo
751 3419 921 3502 ignorasse
938 3442 991 3484 me

183 3523 313 3599 clamat,
332 3524 390 3587 sed
407 3525 541 3588 omnino
558 3523 665 3589 omnis
683 3524 801 3589 heroas
818 3535 921 3607 negat

183 3629 339 3692 nesclsse.
831 3692 834 3698 ,
995 3655 1068 3706 Non.
1086 3667 1144 3719 530·
1157 3666 1202 3702 πο.
