2684 4094
588 292 747 342 LVCILIVS

500 423 515 461 O
542 468 652 528 Lmen
676 465 791 527 XXII.

388 592 436 645 An
448 593 551 662 epitaph
566 611 599 645 on
611 593 652 644 tis
664 593 735 645 slave
748 592 946 661 Metrophanes.

118 716 191 790 136.
225 720 340 776 seruos
352 732 460 795 neque
473 711 595 775 infidus
611 711 745 774 domino
761 732 871 794 neque
888 712 1011 773 inutilis
1027 711 1217 794 quoiquam,
1238 704 1239 707 ¹

314 816 420 880 Lucili
436 817 620 889 columella,
638 815 691 878 hic
708 815 790 877 situs
810 817 1058 896 Metrophanes.

742 919 817 970 Don.
831 917 860 969 in
874 918 938 969 Ter.
953 917 1062 968 Plorm.
1079 918 1116 968 ΙΙ.
1135 931 1157 968 1.
1174 929 1216 985 57.

308 1055 363 1106 Tre
375 1054 446 1107 slave
460 1054 597 1123 Zopyrion
610 1071 691 1106 saeros
704 1062 728 1106 to
741 1054 805 1106 Ιιαυε
818 1055 879 1105 been
892 1072 909 1106 α
918 1055 1029 1122 Jiqltter.

118 1178 191 1239 137.
312 1160 481 1245 Zopyrion
498 1161 611 1223 labeas
628 1160 737 1224 caedit
753 1160 918 1242 utrimque
937 1179 1041 1222 secus.

1006 1262 1081 1314 Non.
1097 1274 1157 1312 210.
1172 1274 1215 1312 20.

503 1352 645 1465 &Lmen
670 1402 797 1465 XXVI.

241 1525 361 1578 Lucilius
374 1525 466 1594 afflata
478 1533 503 1578 to
513 1525 580 1593 sear
592 1526 632 1577 tte
642 1525 785 1593 judpment
797 1524 832 1592 of
841 1524 881 1575 tte
894 1532 958 1576 most
970 1524 1087 1588 learned,

118 1641 221 1716 138.*
264 1696 265 1699 ,
485 1658 643 1702 ,..ncc
660 1637 866 1702 doctissimis.
915 1658 992 1699 nam
1010 1636 1129 1700 Gaium
1221 1635 1234 1654 '

226 1743 374 1806 Persium
392 1744 494 1807 hacce
510 1744 621 1823 legere
637 1743 723 1817 nolo,
744 1739 875 1803 lunium
893 1740 1047 1822 Congum
1064 1741 1149 1804 uolo.

896 1841 967 1893 Plin.
982 1842 1021 1893 N.
1037 1842 1076 1893 H.
1091 1840 1174 1909 praef.
1190 1855 1216 1906 7.

280 1953 345 2003 And
358 1952 475 2004 declares
488 1952 542 2003 ttat
555 1953 585 2003 le
599 1952 684 2003 writes
697 1951 792 2020 chiefly
798 1951 848 2019 for
861 1949 1053 2001 non-Romans.

119 2075 192 2138 139.
239 2132 241 2135 v
270 2055 374 2141 *[nec
391 2078 471 2121 uero
487 2069 524 2121 ut
539 2068 652 2121 noster
673 2057 820 2120 Lucilius
839 2057 999 2118 recusabo
1021 2076 1087 2137 quo
1108 2055 1218 2117 minus

224 2182 340 2225 omncs
361 2182 436 2224 mea
457 2163 580 2243 legant.
628 2161 754 2223 utinam
775 2171 863 2223 esset
882 2160 936 2222 ille
954 2159 1103 2222 Persius!
1152 2157 1218 2223 Sci-

225 2266 281 2347 pio
297 2285 376 2329 uero
393 2276 426 2328 et
444 2265 588 2328 Rutilius
608 2266 711 2328 multo
733 2265 833 2327 ctiam
853 2263 959 2345 magis
970 2285 977 2339 ;
1002 2283 1141 2344 quorum
1163 2262 1218 2324 ille

225 2369 381 2432 iudicium
398 2370 620 2433 reformidans
633 2369 824 2432 Tarentinis
841 2369 886 2431 ait
902 2389 938 2430 se
954 2378 987 2430 et
1004 2365 1218 2430 Consentinis

177 2500 191 2553 5
226 2484 259 2538 et
276 2474 395 2539 Siculis
412 2475 564 2537 scribere.
612 2475 721 2537 facete
738 2473 765 2535 is
782 2473 916 2555 quidem
936 2472 1021 2535 sicut
1039 2471 1111 2532 alia.
1159 2469 1218 2533 sed

225 2599 333 2660 neque
350 2589 418 2657 tam
435 2579 523 2641 docti
540 2588 609 2640 tum
625 2587 732 2653 crant,
754 2577 795 2639 ad
817 2597 956 2658 quorum
978 2575 1133 2638 iudicium
1155 2575 1219 2636 ela-

225 2682 366 2757 boraret,
393 2692 425 2745 ct
453 2693 531 2744 sunt
558 2682 645 2744 illius
672 2681 796 2762 scripta
823 2681 956 2754 leuiora,
985 2689 1022 2741 ut
1048 2678 1219 2740 urbanitas

226 2806 355 2849 summa
371 2796 540 2868 appareat,
558 2785 710 2849 doctrina
725 2784 908 2848 mediocris.
983 2835 1041 2890 cie·
1056 2836 1121 2888 Μ
1136 2838 1159 2889 Ι,
1173 2837 1215 2906 3,]

453 2969 509 3022 But
520 2970 552 3022 lte
565 2969 649 3022 writes
659 2969 736 3037 from
748 2970 789 3021 the
802 2970 883 3033 leont,

120 3095 192 3153 140.
488 3126 494 3139 .
520 3125 527 3139 .
553 3125 559 3138 .
585 3077 648 3157 ego
665 3075 721 3140 ubi
737 3095 836 3157 quem
852 3095 892 3138 cx
908 3073 1110 3157 praecordiis

225 3181 337 3244 ecfero
354 3178 488 3244 uersum
513 3230 519 3243 .
546 3230 552 3243 .
578 3229 585 3243 .
1008 3206 1083 3257 Non.
1098 3214 1159 3272 297,
1176 3215 1213 3267 14

288 3365 354 3417 And
366 3381 441 3417 cares
454 3364 563 3434 nothinp
574 3365 625 3433 for
636 3363 823 3433 opportunities
836 3372 860 3415 to
872 3362 936 3432 pain
949 3363 1050 3428 toenitii,

86 3446 115 3508 s
119 3491 192 3551 141.
227 3471 424 3553 publicanus
441 3474 519 3535 uero
535 3483 572 3535 ut
588 3472 692 3535 Asiae
709 3470 789 3534 flam
806 3468 1038 3552 scripturarius

225 3575 287 3658 pro
305 3576 441 3651 Lucilio,
461 3574 493 3638 ld
510 3596 573 3656 ego
589 3575 675 3655 nolu,
694 3584 727 3641 et
743 3573 809 3641 uno
826 3575 889 3638 hoc
906 3595 973 3636 non
991 3583 1082 3635 muto
1097 3569 1217 3633 omnia,

896 3676 971 3733 Non·
987 3687 1047 3747 35¹·
1062 3672 1094 3741 6÷
1114 3685 1158 3744 37·
1173 3686 1217 3743 33·
