2684 4094
48 259 51 266 '
143 269 202 334 132
403 264 612 313 FRAGMENTS
636 265 680 313 ou
704 266 830 313 nonin
854 267 979 314 snmus

217 423 219 427 ’
307 417 388 505 ῥῖψε
410 416 509 485 ποδὸς
533 418 676 500 τεταγὼν
699 419 767 482 ἀπὸ
791 421 901 500 βηλοῦ
924 417 1123 499 θεσπεσίοιο,

191 590 225 644 et
243 579 345 644 iratus
361 581 424 642 fuit
440 581 532 643 uxori
548 590 581 642 et
597 580 771 662 suspendit
786 581 895 644 illam:
921 584 1081 664 numquid
1098 584 1250 649 occidit?

191 694 227 747 tu
245 684 470 760 Messalinam,
485 684 578 747 cuius
594 704 699 766 aeque
716 686 901 748 auunculus
918 686 1021 748 maior
1034 707 1122 749 eram
1141 709 1249 769 quam

191 797 277 864 tuus,
295 788 452 851 occidisti.
501 788 670 850 “nescio’'
688 788 806 870 inquis.
854 789 887 851 di
908 789 967 852 tibi
989 791 1073 853 male
1095 791 1248 856 faciant:

153 924 167 970 5
192 893 275 955 adeo
299 893 382 955 istuc
405 892 535 973 turpius
559 901 619 968 est,
644 891 733 973 quod
757 892 901 968 nescisti,
922 914 1021 976 quam
1046 896 1136 976 quod
1161 897 1249 959 occi-

191 995 276 1059 disti.
325 997 359 1059 C.
379 997 556 1059 Caesarem
580 1017 648 1058 non
671 996 767 1058 desiit
792 1006 958 1059 mortuum
980 998 1143 1080 persequi.
1194 1022 1249 1063 oc-

191 1099 315 1163 ciderat
345 1099 399 1162 ille
431 1119 598 1162 socerum:
635 1099 687 1162 hic
715 1110 748 1163 et
775 1120 947 1181 generum.
995 1102 1098 1166 Gaius
1127 1102 1248 1167 Crassi

191 1204 293 1266 filium
317 1204 423 1267 uetuit
447 1204 609 1284 Magnum
633 1205 763 1267 uocari:
796 1205 848 1268 hic
872 1226 995 1268 nomen
1018 1206 1065 1268 illi
1088 1206 1245 1284 reddidit,

191 1318 292 1389 caput
314 1308 396 1371 tulit.
444 1307 564 1371 occidit
590 1307 624 1370 in
652 1329 719 1371 una
746 1310 845 1372 domo
871 1310 1038 1385 Crassum,
1065 1311 1246 1392 Magnum,

141 1446 168 1479 ιο
192 1412 409 1488 Scriboniam,
448 1411 654 1488 TristioniaS,
690 1413 918 1487 Assarionem,
937 1413 1082 1494 ·nobiles
1116 1412 1261 1492 tamen,

192 1517 351 1579 Crassum
378 1536 458 1579 uero
488 1525 557 1578 tarn
588 1516 727 1593 fatuum,
756 1527 792 1579 ut
821 1517 919 1580 etiam
947 1537 1087 1598 regnare
1115 1529 1244 1598 posset.

192 1621 280 1684 hunc
304 1640 395 1683 nunc
416 1620 515 1682 deum
539 1620 650 1683 facere
673 1619 796 1684 uultis?
835 1620 945 1684 uidete
965 1642 1085 1702 corpus
1102 1621 1174 1685 eius
1192 1624 1247 1686 dis

191 1723 283 1787 iratis
304 1733 428 1787 natum.
476 1725 518 1787 ad
539 1744 712 1800 summam,
729 1724 792 1787 tria
813 1725 916 1788 uerba
931 1724 996 1789 cito
1006 1725 1109 1813 dicat,
1127 1735 1160 1788 et
1178 1747 1247 1789 ser-

191 1848 270 1890 uum
294 1849 347 1890 me
371 1827 479 1903 ducat.
526 1828 615 1890 hunc
639 1829 737 1890 deum
762 1829 836 1910 quis
862 1829 972 1892 colet?
1003 1827 1077 1911 quis
1104 1831 1245 1893 credet?

141 1963 167 2009 15
191 1932 270 1994 dum
304 1933 388 1995 tales
420 1932 501 1994 deos
531 1932 649 2007 facitis,
683 1953 780 1994 nemo
811 1953 871 1995 uos
902 1933 982 1996 deos
1011 1952 1085 1996 esse
1116 1935 1241 1997 credet.

192 2018 321 2099 summa
343 2036 399 2111 rei,
418 2057 448 2118 p.
467 2056 504 2111 c.,
523 2035 550 2098 si
574 2037 712 2099 honeste
734 2021 781 2097 me
806 2035 891 2099 inter
909 2057 970 2100 uos
993 2036 1091 2117 gessi,
1109 2037 1136 2100 si
1160 2039 1246 2101 nulli

98 2142 100 2146 ’
191 2139 310 2202 clarius
333 2139 500 2221 respondi,
519 2139 685 2203 uindicate
709 2139 843 2202 iniurias
865 2160 964 2205 meas
1012 2160 1075 2221 ego
1092 2161 1151 2221 pro
1170 2162 1245 2205 sen-

191 2243 295 2306 tentia
318 2264 392 2307 mea
416 2244 478 2306 hoc
502 2245 657 2306 censeo:'
683 2254 782 2326 atque
806 2243 852 2307 ita
871 2264 911 2306 ex
932 2244 1054 2306 tabella
1071 2244 1244 2309 recitauit:

194 2348 345 2430 ‘quando
369 2347 502 2429 quidem
527 2346 624 2410 diuus
649 2347 807 2411 Claudius
832 2347 950 2411 occidit
975 2368 1124 2410 socerum
1143 2369 1255 2411 suum·

140 2467 172 2511 ω·
192 2451 343 2533 Appium
376 2451 536 2525 Silanum,
564 2470 705 2531 generos
737 2451 820 2514 duos
849 2453 1012 2532 Magnum
1046 2452 1243 2532 Pompeium

148 2585 150 2590 ¹
192 2565 225 2618 et
257 2556 294 2617 L.
328 2555 488 2630 Silanum,
521 2575 672 2617 socerum
704 2556 789 2618 filiae
821 2575 900 2617 suae
933 2555 1089 2618 Crassum
1126 2557 1242 2637 Frugi,

193 2659 360 2722 hominem
384 2668 451 2721 tam
474 2658 613 2721 similem
631 2659 693 2721 sibi
709 2679 809 2741 quam
826 2678 890 2721 ouo
906 2680 1015 2734 ouum,
1034 2659 1243 2741 Scriboniam

192 2783 322 2826 socrum
348 2762 433 2825 filiae
459 2783 547 2838 suae,
573 2783 707 2825 uxorem
733 2783 828 2825 suam
855 2763 1070 2825 Messalinam
1098 2772 1131 2825 et
1158 2766 1246 2827 cete-

192 2887 246 2930 ros
280 2887 420 2948 quorum
456 2887 613 2929 numerus
648 2865 722 2928 iniri
756 2887 822 2929 non
861 2867 977 2947 potuit,
1014 2868 1122 2948 placet
1161 2867 1244 2930 mihi

141 3002 168 3048 25
191 2969 225 3032 in
246 2990 321 3033 eum
343 2990 458 3032 seuere
480 2970 698 3032 animaduerti
717 2990 778 3032 nec
798 2969 843 3032 illi
862 2990 971 3032 rerum
991 2970 1243 3033 iudicandarum

192 3074 400 3137 uacationem
432 3074 504 3136 dari
535 3094 676 3156 eumque
709 3094 809 3156 quam
840 3073 992 3154 primum‘
1009 3073 1175 3155 exportari
1209 3085 1244 3137 et

192 3179 284 3241 caelo
310 3178 396 3240 intra
420 3177 557 3259 triginta
580 3177 652 3240 dies
677 3177 845 3252 excedere,
872 3178 1018 3262 Olympo
1043 3177 1129 3239 intra
1154 3177 1244 3240 diem

192 3281 346 3344 tertium'

237 3385 377 3465 pedibus
408 3385 441 3447 in
473 3388 559 3448 hanc
591 3384 790 3448 sententiam
822 3384 903 3447 itum
935 3394 993 3447 est.
1044 3405 1106 3447 nec
1139 3405 1244 3462 mora,

140 3521 169 3566 30
194 3489 364 3572 Cyllenius
388 3489 480 3551 illum
505 3490 588 3552 collo
608 3489 737 3552 obtorto
755 3488 854 3551 trahit
875 3485 934 3571 [ad
950 3486 1093 3573 inferos]
1114 3490 1245 3552 acaelo

370 3644 465 3707 ‘illue
480 3647 569 3709 unde
586 3655 713 3727 negant
728 3646 835 3710 redire
852 3647 1073 3728 quemquam.'
