2684 4094
472 258 667 309 PETRONIVS
689 259 843 308 ARBITER
1168 251 1211 328 89

158 436 259 479 manu
286 415 540 498 pinguissimam
568 416 742 480 ficedulam
770 416 884 479 inueni
914 416 1065 501 piperato
1097 415 1209 479 uitello

158 519 404 607 circumdatam.
423 511 424 514 '

201 642 256 702 34.
282 624 347 686 iarn
371 624 574 688 Trimalchio
593 624 710 688 eadem
733 624 844 689 omnia
860 625 934 687 lusu
950 623 1138 687 intermisso
1155 643 1211 705 po·

158 738 312 809 poscerat
336 728 529 810 ieceratque
553 738 755 810 potestatem
779 728 869 791 clara
892 748 983 804 uoce,
1001 728 1029 790 si
1044 728 1118 809 quis
1137 748 1210 790 nos

119 859 133 906 5
158 841 245 893 trum
269 832 388 894 iterum
413 832 513 895 uellet
536 833 679 895 mulsum
699 852 839 908 sumere,
858 853 933 895 cum
950 832 1059 894 subito
1076 831 1209 912 signum

158 935 358 1019 symphonia
382 936 480 998 datur
503 945 536 999 et
559 936 743 1017 gustatoria
760 936 883 1017 pariter
899 957 919 998 a
934 937 1036 999 choro
1053 945 1209 998 cantante

158 1039 340 1120 rapiuntur.
388 1049 535 1103 ceterum
559 1039 645 1102 inter
660 1040 838 1102 tumultum
860 1060 936 1103 cum
953 1040 1041 1102 forte
1057 1039 1210 1121 paropsis

109 1186 112 1191 <
159 1142 335 1207 excidisset
368 1153 402 1206 et
436 1163 520 1224 puer
550 1142 714 1207 iacentem
746 1143 943 1219 sustulisset,
976 1142 1210 1206 animaduertit

158 1247 360 1312 Trimalchio
387 1247 604 1330 colaphisque
635 1247 803 1329 obiurgari
829 1268 969 1329 puerum
997 1268 1036 1311 ac
1061 1247 1209 1328 proicere

107 1380 134 1416 ιο
158 1371 272 1413 rursus
294 1351 508 1432 paropsidem
533 1351 636 1414 iussit.
683 1351 853 1416 insecutus
876 1362 927 1415 est
950 1351 1135 1414 lecticarius
1162 1371 1210 1413 ar-

116 1532 118 1537 ,
158 1465 364 1538 gentumque
380 1455 466 1518 inter
482 1454 609 1538 reliqua
625 1465 848 1538 purgamenta
864 1455 973 1537 scopis
989 1455 1101 1537 coepit
1119 1475 1210 1518 euer-

158 1579 239 1621 rere.
287 1558 428 1622 subinde
451 1559 660 1623 intrauerunt
679 1561 745 1623 duo
765 1560 953 1644 Aethiopes
969 1559 1117 1641 capillati
1132 1579 1207 1622 cum

158 1663 286 1744 pusillis
311 1663 447 1739 utribus
465 1663 580 1745 quales
604 1664 712 1727 solent
735 1684 810 1727 esse
833 1663 890 1746 qui
908 1663 1068 1727 harenam
1089 1663 1122 1725 in
1144 1683 1210 1725 am-

158 1766 347 1848 phitheatro
362 1777 534 1848 spargunt,
548 1767 730 1851 uinumque
743 1767 865 1832 dedere
877 1767 911 1829 in
925 1787 1060 1843 manus;
1087 1787 1208 1849 aquam

106 1898 132 1945 15
158 1871 246 1932 enim
263 1891 361 1933 nemo
378 1870 532 1952 porrexit.

201 1974 354 2037 laudatus
385 1985 522 2056 propter
553 1975 736 2056 elegantias
767 1975 921 2039 dominus
950 1972 1134 2057 ‘aequum’
1163 1974 1208 2037 in-

157 2078 229 2160 quit
254 2080 366 2141 ‘Mars
398 2088 495 2140 amat.
543 2077 655 2161 itaque
682 2079 763 2142 iussi
790 2099 884 2141 suam
911 2079 1030 2160 cuique
1058 2098 1208 2141 mensam

158 2182 329 2263 assignari.
377 2182 484 2244 obiter
510 2193 543 2245 et
570 2182 771 2265 putidissimi
802 2181 890 2245 serui
921 2182 1082 2244 minorem
1113 2182 1209 2244 nobis

157 2294 287 2348 aestum
303 2285 492 2368 frequentia
508 2307 568 2349 sua
584 2287 729 2349 facient!

105 2419 134 2451 ω
201 2389 312 2452 statim
336 2389 455 2453 allatae
479 2400 557 2452 sunt
580 2391 761 2471 amphorae
785 2389 909 2453 uitreae
933 2389 1111 2471 diligenter
1128 2410 1209 2473 gyp-

157 2503 259 2567 satae‚
285 2513 425 2576 quarum
452 2493 486 2555 in
514 2493 698 2556 ceruicibus
726 2493 862 2575 pittacia
885 2503 981 2556 erant
1008 2493 1105 2555 affixa
1132 2513 1206 2555 cum

158 2599 221 2660 hoc
244 2597 359 2660 titulo:
392 2598 592 2659 ‘Falernum
616 2597 833 2678 Opimianum
861 2618 1023 2660 annorum
1052 2597 1206 2659 centum)
1287 2612 1290 2619 ’

158 2702 237 2764 dum
261 2700 374 2763 titulos
398 2700 610 2781 perlegimus,
628 2700 802 2782 complosit
822 2701 1024 2764 Trimalchio
1041 2720 1159 2762 manus
1176 2710 1208 2762 et

160 2805 282 2868 ‘eheu’
305 2803 412 2886 inquit
434 2809 532 2885 ‘ergo
556 2804 679 2867 diutius
702 2805 785 2868 uiuit
807 2805 922 2868 uinum
947 2825 1046 2886 quam
1072 2804 1209 2867 homun-

106 2939 134 2985 25
158 2909 218 2972 ci0.
281 2928 384 2991 quare
415 2917 636 2990 tengomenas
666 2908 838 2973 iaciamus.
871 2892 876 2897 ²
902 2909 971 2971 uita
1001 2907 1114 2971 uinum
1147 2918 1205 2970 est.

158 3032 274 3077 uerum
288 3012 505 3094 Opimianum
518 3023 660 3094 praesto.
708 3013 780 3077 heri
796 3033 862 3077 non
879 3023 947 3076 tam
963 3013 1088 3076 bonum
1101 3012 1206 3094 posui,

157 3127 192 3181 et
214 3117 318 3180 multo
342 3116 550 3181 honestiores
573 3117 759 3181 cenabant.'
806 3117 1000 3199 potantibus
1016 3137 1096 3198 ergo
1112 3116 1207 3179 nubis

158 3231 192 3285 et
214 3220 461 3284 accuratissime
485 3221 630 3284 lautitias
655 3220 850 3285 mirantibus
869 3220 997 3283 laruam
1014 3229 1205 3301 argenteam

158 3325 267 3389 attulit
290 3345 408 3389 seruus
431 3323 478 3389 sic
502 3334 660 3406 aptatam,
678 3335 715 3388 ut
733 3324 863 3388 articuli
879 3324 950 3388 eius
967 3324 1207 3406 uertebraeque

105 3460 135 3505 30
158 3429 288 3492 luxatae
305 3428 338 3491 in
355 3449 488 3492 ornnem
505 3439 634 3510 partem
651 3428 872 3492 flecterentur.
920 3429 1007 3491 hanc
1020 3449 1095 3491 curn
1109 3448 1209 3508 super

159 3553 308 3597 mensam
325 3532 428 3595 semel
444 3533 630 3615 iterumque
646 3532 831 3609 abiecisset,
845 3542 879 3596 et
894 3532 1060 3596 catenatio
1078 3531 1207 3594 mobilis

158 3637 283 3720 aliquot
299 3637 423 3718 figuras
439 3636 648 3720 exprimeret,
665 3636 869 3701 Trimalchio
886 3636 1024 3701 adiecit:
