2684 4094
481 249 683 303 'Parxomvs
706 254 862 302 ARBITER
1171 260 1230 322 119

176 411 273 487 cauti,
287 422 321 475 et
333 433 415 493 opes
432 412 605 474 fraudibus
621 421 737 492 captas
754 431 814 492 per
827 411 915 473 mille
928 432 1034 474 annos
1050 411 1226 492 disponite.

176 534 297 596 nempe
314 516 367 578 hic
385 515 534 596 proxima
549 515 623 578 luce
639 514 829 596 patrimonii
845 515 896 577 sui
912 515 1056 577 rationes
1074 514 1226 595 inspexit,

176 638 297 700 nempe
314 619 401 681 diem
419 619 527 692 etiam,
541 640 606 701 quo
623 627 784 680 uenturus
801 628 890 680 esset
906 618 939 680 in
955 618 1105 699 patriam,
1117 618 1228 680 animo

176 742 236 784 suo
260 723 336 785 fixit.
384 722 429 785 dii
452 724 611 804 deaeque,
635 742 734 804 quam
758 722 857 801 longe
881 743 900 783 a
923 722 1145 784 destinatione
1168 742 1229 784 sua

138 855 152 901 5
176 826 269 889 iacet.
317 827 377 889 sed
399 847 467 888 non
483 827 553 888 sola
570 826 763 888 mortalibus
780 826 883 887 maria
905 827 990 888 hanc
1013 825 1112 888 fidem
1137 846 1228 906 prae-

177 940 275 992 stant.
322 930 415 992 illum
439 930 619 992 bellantem
644 950 735 991 arma
758 929 937 1010 decipiunt,
955 929 1047 991 illum
1069 928 1131 991 diis
1150 939 1228 992 uota

177 1034 372 1097 reddentem
401 1033 571 1116 penatium
599 1053 734 1096 suorum
761 1033 856 1095 ruina
883 1033 1009 1114 sepelit.
1058 1033 1112 1096 ille
1139 1033 1228 1095 uehi-

177 1138 251 1201 culo
267 1139 382 1220 lapsus
398 1148 633 1219 properantem
648 1137 799 1218 spiritum
817 1137 969 1212 excussit,
983 1137 1077 1199 cibus
1093 1136 1227 1199 auidum

178 1242 407 1322 strangulauit,
426 1242 648 1305 abstinentem
674 1241 858 1323 frugalitas.
907 1241 934 1304 si
957 1241 1043 1304 bene
1065 1241 1228 1304 calculum

126 1375 154 1407 10
178 1366 292 1426 ponaS,
310 1345 432 1427 ubique
448 1346 662 1426 naufragium
679 1354 738 1408 est.
786 1355 819 1408 at
835 1345 923 1408 enim
939 1345 1094 1408 fluctibus
1110 1345 1229 1408 obruto

178 1470 244 1512 non
275 1450 440 1530 contingit
470 1450 649 1530 sepultura.
696 1459 856 1531 tanquam
882 1449 1020 1524 intersit,
1045 1449 1227 1531 periturum

178 1573 299 1634 corpus
322 1573 408 1635 quae
431 1553 515 1616 ratio
539 1562 721 1628 consumat,
744 1553 831 1633 ignis
855 1574 897 1615 an
921 1553 1041 1615 fluctus
1062 1572 1104 1614 an
1126 1573 1226 1615 mora.

179 1657 334 1739 quicquid
347 1657 476 1732 feceris,
490 1658 601 1720 omnia
617 1658 700 1720 haec
718 1658 835 1720 eodem
852 1666 993 1719 uentura
1010 1667 1095 1719 sunt.
1136 1657 1229 1719 ferae

178 1771 290 1824 tamen
316 1781 438 1842 corpus
463 1761 665 1824 lacerabunt.
712 1771 872 1842 tanquam
898 1761 1014 1823 melius
1040 1761 1127 1841 ignis
1149 1761 1230 1823 acci-

127 1894 154 1940 15
179 1865 263 1945 piat;
297 1865 398 1927 immo
424 1865 510 1928 banc
536 1885 679 1946 poenam
709 1865 940 1944 grauissimam
973 1864 1146 1938 credimus,
1173 1864 1230 1926 ubi
1280 1932 1282 1936 .

179 1969 284 2032 seruis
300 1959 480 2032 irascimur.
520 1989 605 2050 quae
621 1989 702 2049 ergo
718 1969 886 2031 dementia
902 1978 961 2044 est,
979 1968 1090 2030 omnia
1106 1969 1228 2043 facere,

178 2093 221 2135 ne
237 2073 316 2154 quid
333 2074 375 2136 de
391 2072 487 2136 nobis
503 2073 669 2154 relinquat
685 2066 905 2154 sepultura?'¹

696 2199 713 2234 *

222 2290 255 2342 et
282 2279 422 2343 Licham
450 2280 583 2362 quidem
611 2301 713 2361 rogus
743 2279 884 2343 inimicis
909 2280 1049 2344 collatus
1076 2279 1229 2342 manibus

179 2383 340 2446 adolebat.
392 2384 578 2464 Eumolpus
609 2393 720 2446 autem
752 2384 830 2446 dum
863 2384 1069 2465 epigramma
1100 2393 1229 2446 mortuo

125 2521 154 2552 20
177 2487 266 2564 facit,
291 2488 405 2551 oculos
428 2488 470 2550 ad
495 2474 712 2550 arcessendos
735 2508 853 2551 sensus
876 2487 1008 2568 longius
1031 2487 1132 2549 mittit

696 2614 712 2649 ἦ

222 2698 296 2760 116.
323 2696 386 2758 hoc
406 2704 540 2775 peracto
563 2694 704 2757 libenter
720 2695 827 2757 officio
844 2695 1045 2757 destinatum
1062 2694 1229 2775 carpimus

116 2885 117 2888 Ἴ
177 2782 307 2862 ἱῖεῑέιε
339 2807 508 2862 momento
539 2799 699 2880 temporis
731 2799 763 2861 in
792 2809 938 2862 montem
969 2800 1127 2860 sudantes
1154 2818 1229 2860 con-

177 2903 376 2978 scendimus
394 2923 434 2965 ex
450 2923 515 2984 quo
537 2903 626 2965 haud
648 2903 764 2984 procul
786 2903 976 2983 impositum
999 2923 1073 2964 arce
1096 2901 1229 2964 sublimi

127 3023 128 3026 ’
177 3007 337 3089 oppidum
355 3006 529 3069 cernimus.
570 3027 631 3069 nec
649 3007 737 3088 quod
755 3016 851 3080 esset,
866 3007 1052 3068 sciebamus
1068 3015 1227 3081 errantes,

125 3143 151 3186 25
176 3112 282 3173 donec
299 3131 318 3172 a
334 3110 431 3173 uilico
448 3111 593 3192 quodam
611 3111 757 3173 Crotona
777 3130 851 3172 esse
868 3110 1095 3190 cognouimus,
1112 3109 1228 3170 urbem

177 3213 440 3295 antiquissimam
460 3222 493 3276 et
512 3213 691 3294 aliquando
710 3213 826 3275 ltaliae
846 3213 995 3294 primam.
1046 3234 1120 3274 cum
1140 3212 1228 3274 dein-

176 3317 218 3380 de
242 3316 434 3398 diligentius
459 3317 717 3397 exploraremus
743 3317 800 3398 qui
827 3317 978 3378 homines
1006 3316 1228 3378 inhabitarent

176 3421 285 3484 nobile
320 3422 436 3496 solum,
469 3422 601 3502 quodue
636 3440 742 3500 genus
778 3419 1012 3500 negotiationis
1049 3419 1228 3500 praecipue

176 3526 357 3607 probarent
381 3534 457 3606 post
481 3524 608 3587 attritas
632 3524 727 3586 bellis
750 3523 981 3605 frequentibus
1003 3543 1093 3604 opes,
1113 3529 1149 3585 ‘o
1170 3523 1226 3584 mi’

123 3661 152 3706 30
176 3630 282 3711 inquit
299 3629 473 3709 ‘hospites
492 3628 519 3689 si
534 3628 761 3708 negotiatores
777 3627 865 3702 estis
880 3636 1005 3689 mutate
1023 3626 1228 3708 propositum
