2684 4094
116 202 159 267 34
379 196 590 245 FRAGMENTS
614 197 659 246 OF
682 198 808 246 ROMAN
831 197 957 246 SATIRE

524 371 634 433 Lruurr
657 371 812 434 XVIIII.

320 499 388 551 Men
401 499 523 551 continue
536 499 590 551 into
603 499 649 551 old
661 516 709 567 ape
723 499 788 550 their
800 498 846 550 toil
855 499 906 567 for
917 499 1018 564 mcclii,

118 620 192 685 128.
225 617 338 700 rugosi
354 617 511 700 passique
528 636 625 680 senes
641 618 759 680 eadem
775 617 887 679 omnia
903 627 1075 699 quaerunt.

208 737 211 742 ·
1028 720 1100 771 Non.
1118 733 1160 771 11.
1176 734 1213 788 29

218 836 300 890 When
313 837 371 904 they
383 836 471 905 cupiat,
484 835 536 887 like
550 835 589 887 the
602 843 656 897 aut,
670 843 694 887 to
707 835 752 903 iay
764 852 799 902 up
812 835 906 903 simply
914 835 966 904 sor
978 835 1044 886 later
1056 852 1101 886 use
1109 852 1119 896 ;

118 974 191 1036 1²9·
224 956 271 1019 sic
288 964 324 1018 tu
341 955 414 1018 illos
430 956 560 1017 fructus
576 973 726 1036 quaeras,
745 955 886 1017 aduersa
903 953 1011 1016 hieme
1028 954 1105 1016 olim

224 1059 298 1142 quis
315 1060 363 1123 uti
380 1059 487 1141 possis
504 1079 542 1121 ac
559 1059 725 1121 delectare
742 1058 831 1120 domi
846 1068 888 1121 te.

290 1270 369 1322 Since
381 1270 401 1321 it
413 1270 435 1321 is
448 1270 488 1321 tlte
497 1277 561 1337 part
574 1269 608 1338 of
616 1286 633 1321 a
641 1269 703 1338 foul
716 1286 794 1320 never
805 1277 830 1321 to
843 1260 872 1320 bc
883 1268 1011 1336 satisfieri.

118 1409 190 1467 130.
223 1388 367 1472 denique
383 1388 431 1452 uti
447 1388 547 1450 stulto
563 1388 609 1450 nil
625 1388 667 1450 sit
684 1388 763 1450 satis
780 1387 891 1450 omnia
907 1407 982 1451 cum
999 1387 1073 1449 sint.

1007 1490 1081 1542 Nou.
1096 1502 1158 1557 445.
1174 1505 1218 1558 25.

491 1598 583 1667 Enjoy
595 1599 635 1650 the
646 1606 752 1666 present
765 1599 821 1666 day
829 1599 840 1648 .'

117 1739 191 1797 131.
224 1738 318 1782 sume
333 1717 421 1781 diem
438 1716 526 1800 quist
542 1717 633 1780 uisus
649 1706 709 1779 tibi
726 1715 968 1798 pulcherrimus
984 1737 1079 1779 unus.

1004 1819 1079 1870 Non.
1094 1817 1155 1886 396.
1174 1834 1215 1870 12.

265 1939 320 2011 But
331 1940 372 1991 tlte
384 1939 462 1991 miser
473 1947 569 1991 cannot
581 1955 622 1990 see
635 1939 688 1989 that
699 1954 760 1989 man
773 1938 795 1988 is·
807 1955 877 1990 more
889 1938 951 1989 than
963 1954 1064 2006 money.

117 2077 190 2136 132.
225 2064 362 2121 ‘aurum
389 2057 462 2120 uis?
498 2057 666 2119 hominem
697 2076 740 2119 en
771 2056 1216 2128 habeas!’—‘h0minem?

310 2160 390 2243 quid
406 2161 448 2222 ad
465 2160 605 2223 aurum?
1197 2158 1200 2162 ’

223 2285 335 2349 quare,
357 2273 394 2327 ut
414 2263 563 2339 dicimus,
584 2284 651 2327 non
673 2263 770 2327 uideo
792 2263 845 2327 hic
867 2263 946 2347 quid
969 2284 1093 2346 magno
1115 2285 1216 2345 opere

308 2365 442 2452 Optem,
1004 2395 1079 2448 Non.
1094 2394 1155 2464 358.
1173 2408 1214 2446 10.

503 2588 516 2621 ⁰
557 2595 668 2658 Lruurr
690 2596 767 2658 XX.

350 2726 432 2780 From
444 2727 485 2778 ue
496 2735 607 2779 account
619 2727 654 2795 of
662 2744 678 2778 a
692 2727 746 2780 rich
761 2728 843 2779 man’s
856 2727 975 2798 becquet.

115 2872 186 2930 133.
221 2851 268 2915 illi
283 2850 453 2935 praeceiso
470 2861 568 2932 atque
585 2849 692 2931 epulis
708 2849 885 2932 capiuntur
901 2850 1028 2933 opimis.

1003 2954 1078 3005 Non.
1096 2964 1153 3020 ¹50·
1169 2967 1202 3019 33

115 3076 188 3135 134.
222 3073 391 3137 purpureo
407 3053 501 3117 tersit
516 3064 596 3117 tunc
613 3053 698 3116 latas
714 3073 864 3136 gausape
881 3074 1014 3116 mensas
1050 3124 1126 3179 Prisc
1151 3126 1202 3190 870

232 3259 288 3312 Tite
298 3258 420 3329 parasite
432 3259 480 3311 itas
493 3259 555 3310 been
567 3258 674 3327 staffinq
687 3258 797 3327 himmif
806 3267 829 3310 to
843 3259 882 3310 tlte
895 3259 1095 3327 damper-point·

115 3400 189 3462 135.
222 3381 287 3444 iam
303 3379 528 3462 disrumpetur
545 3379 682 3453 medius,
700 3378 773 3453 iam,
792 3388 828 3440 ut
846 3380 978 3441 Marsus
995 3378 1147 3441 colubras

221 3483 397 3565 disrumpit
413 3492 513 3546 cantu
530 3502 633 3545 uenas
649 3503 724 3546 cum
741 3481 926 3545 extenderit
942 3483 1058 3546 omnis.

446 3585 452 3596 '
1001 3584 1076 3635 Non.
1091 3597 1152 3634 201.
1170 3596 1209 3651 ¹9·

1007 1100 1210 1168 Non·3s7·30
1294 1126 1298 1135 ·
