2684 4094
155 263 215 344 148
323 300 328 307 -
417 272 628 324 annonariis
651 275 696 323 or
719 275 845 323 Rounu
869 272 994 322 sarius

205 427 336 504 moriar,
354 452 453 512 quam
470 442 526 495 tuo
543 433 606 495 isto
623 431 814 494 dulcissimo
830 429 971 493 conubio
992 449 1136 493 caream.
1188 452 1266 494 amo

206 533 344 598 enimet
361 535 506 598 efflictim
523 546 564 610 te,
583 537 782 617 quicumque
798 555 844 610 eS,
858 535 960 615 diligo
977 543 1077 615 atque
1095 545 1131 597 ut
1149 556 1264 598 meum

206 637 367 720 spiritum,
394 660 454 701 nec
477 640 541 721 ipsi
565 639 721 721 Cupidini
745 659 910 720 comparo.
958 638 1017 700 sed
1044 637 1134 700 istud
1161 640 1264 702 etiam

207 741 289 805 meis
313 743 475 822 precibus,
500 765 566 817 oro,
592 743 721 824 largire,
743 752 775 805 et
799 741 845 803 illi
868 751 925 805 tuo
949 742 1076 804 famulo
1101 743 1265 827 Zephyro

169 880 182 925 5
208 845 372 930 praecipe,
401 847 498 909 simili
529 857 665 910 uectura
696 866 825 908 sorores
856 846 909 907 hic
940 845 1021 907 mihi
1052 844 1171 909 sistat.’
1232 858 1265 910 et

207 950 400 1030 imprimens
417 953 530 1013 oscula
547 951 702 1024 suasoria,
720 959 754 1012 et
769 949 926 1031 ingerens
945 949 1048 1012 uerba
1067 951 1264 1025 mulcentia,

208 1065 240 1118 et
271 1053 592 1138 iungensmembra
623 1053 820 1127 cohibentia,
846 1053 928 1115 haec
959 1053 1057 1115 etiam
1089 1052 1266 1117 blanditiis

208 1158 334 1232 astruit,
368 1158 430 1219 ‘mi
460 1158 592 1233 mellite,
624 1157 669 1219 mi
699 1157 825 1231 marite,
857 1167 933 1219 tuae
972 1157 1123 1239 Psychae
1156 1158 1268 1220 dulcis

123 1339 125 1344 ,
208 1261 338 1325 anima!
384 1263 418 1323 ui
439 1283 477 1324 ac
502 1271 665 1343 potestate
690 1261 821 1323 ueneris
846 1280 974 1336 usurus,
997 1260 1122 1322 inuitus
1149 1281 1268 1324 succu-

158 1365 279 1429 10buit
310 1366 455 1439 maritus,
484 1375 517 1428 et
544 1375 663 1428 cuncta
690 1384 725 1427 se
752 1364 916 1427 iacturum
945 1363 1135 1445 spopondit,
1163 1376 1268 1446 atque

209 1471 274 1532 iam
292 1471 364 1531 luce
381 1479 598 1550 proxumante
614 1469 655 1530 de
673 1468 825 1531 manibus
841 1467 950 1530 uxoris
967 1467 1111 1530 euanuit.

254 1590 285 1650 7.
312 1584 345 1635 at
375 1573 450 1635 illae
477 1593 607 1635 sorores
639 1581 853 1653 percontatae
881 1571 1054 1651 scopulum
1082 1570 1269 1654 locumque

210 1679 302 1740 illum
323 1698 389 1759 quo
405 1678 515 1739 fuerat
536 1676 663 1759 Psyche
685 1676 826 1750 deserta,
844 1675 1043 1737 festinanter
1066 1675 1267 1751 adueniunt,

211 1782 320 1863 ibique
337 1781 504 1844 deflebant
523 1781 644 1854 oculos,
662 1789 695 1842 et
713 1779 918 1860 plangebant
937 1777 1048 1853 ubera,
1065 1779 1179 1859 quoad
1199 1800 1270 1842 cre-

160 1915 186 1960 15
211 1885 278 1948 bris
306 1905 418 1947 earum
443 1884 641 1947 heiulatibus
668 1880 748 1945 saxa
772 1891 953 1963 cautesque
977 1881 1115 1962 parilem
1141 1902 1268 1945 sonum

211 1990 417 2052 resultarent.
465 1989 597 2069 iamque
622 1986 754 2049 nomine
775 1985 908 2067 proprio
934 2005 1080 2047 sororem
1105 1985 1269 2048 miseram

212 2093 352 2169 ciebant,
366 2093 476 2175 quoad
488 2112 570 2155 sono
583 2089 780 2173 penetrabili
793 2089 884 2151 uocis
898 2088 1062 2151 ululabilis
1079 2108 1139 2168 per
1157 2110 1270 2170 prona

212 2199 349 2278 delapso
373 2192 488 2260 amens
511 2206 544 2260 et
566 2194 697 2276 trepida
721 2192 848 2278 Psyche
870 2193 1032 2274 procurrit
1054 2212 1072 2254 e
1091 2192 1203 2267 domo,
1223 2203 1268 2268 et,

214 2302 331 2383 ‘quid,'
356 2301 472 2383 inquit,
490 2306 569 2363 ‘uos
593 2297 721 2360 miseris
745 2295 1036 2359 lamentationibus
1060 2295 1270 2377 nequiquam

160 2436 189 2467 20
212 2405 379 2486 effligitis?
411 2425 510 2486 quam
535 2402 664 2485 lugetis,
690 2402 816 2463 adsum.
871 2398 1035 2480 lugubres
1054 2419 1156 2461 uoces
1182 2401 1272 2463 desi-

213 2509 289 2583 nite,
308 2519 341 2571 et
356 2508 491 2571 diutinis
507 2506 651 2570 lacrimis
667 2505 840 2567 madentes
856 2523 960 2583 genas
977 2502 1097 2564 siccate
1115 2503 1270 2579 tandem,

213 2613 337 2695 quippe
353 2633 427 2675 cum
445 2611 509 2673 iam
527 2609 660 2692 possitis
677 2629 776 2690 quam
793 2606 1005 2687 plangebatis
1022 2606 1199 2685 amplecti'

256 2727 335 2779 tunc
367 2727 520 2779 uocatum
545 2715 738 2796 Zephyrum
770 2710 941 2792 praecepti
968 2709 1127 2771 maritalis
1155 2710 1273 2775 admo·

214 2831 278 2884 net.
336 2840 398 2883 nec
425 2839 527 2894 mora,
556 2838 630 2880 cum
658 2817 711 2878 ille
742 2835 864 2896 parens
894 2813 1033 2894 imperio
1065 2812 1176 2874 statim
1205 2816 1273 2878 cle-

162 2951 189 2996 25
214 2924 427 2987 mentissimis
443 2922 575 2985 flatibus
592 2919 724 2982 innoxia
741 2928 877 2981 uectura
900 2917 1054 2998 deportat
1069 2915 1150 2977 illas.
1199 2917 1272 2981 iam

215 3029 337 3092 mutuis
375 3026 583 3108 amplexibus
614 3033 647 3086 et
682 3021 919 3084 festinantibus
951 3020 1050 3082 sauiis
1085 3039 1158 3081 sese
1181 3008 1274 3100 'per-

215 3133 378 3206 fruuntur‚
401 3141 434 3194 et
459 3131 533 3192 illae
559 3129 694 3190 sedatae
719 3126 873 3188 lacrimae
898 3122 1100 3205 postliminio
1124 3123 1273 3189 redeunt

216 3237 420 3317 prolectante
444 3233 574 3316 gaudio
624 3231 701 3293 ‘sed
725 3239 758 3291 et
781 3228 926 3301 tectum,’
952 3227 1067 3309 inquit,
1087 3231 1138 3288 ‘et
1162 3226 1273 3291 larem

215 3351 363 3403 nostrum
381 3340 486 3401 laetae
504 3335 679 3409 succedite,
694 3344 726 3396 et
743 3332 881 3395 afflictas
897 3330 1026 3392 animas
1042 3351 1117 3392 cum
1137 3331 1273 3414 Psyche

163 3473 193 3518 30
215 3455 327 3506 uestra
357 3441 524 3506 recreate’
600 3442 633 3504 8.
663 3438 709 3500 sic
740 3437 892 3509 allocuta,
922 3454 1069 3497 summas
1100 3453 1182 3514 opes
1215 3435 1275 3499 do-

216 3567 290 3610 mus
308 3567 427 3609 aureae
445 3563 631 3625 uocumque
651 3539 865 3604 seruientium
887 3538 1084 3619 populosam
1105 3537 1275 3602 familiam

217 3652 284 3717 der*
360 3661 423 3712 “at
450 3649 584 3711 auribus
611 3665 734 3719 earum,
760 3643 959 3723 lauacroque
988 3640 1212 3722 pulcherrimo
1241 3654 1278 3707 et
