2684 4094
594 269 764 318 Arvnmvs
1171 271 1229 336 173

222 445 273 508 15.
300 449 362 492 nec
385 427 615 510 prouidentiae
635 427 745 489 bonae
766 446 888 506 graues
911 425 1024 489 oculos
1043 425 1230 489 innocentis

176 533 307 596 animae
331 532 426 594 latuit
450 551 618 594 aerumna.
666 549 744 591 nam
767 528 884 610 optimi
905 528 995 592 louis
1017 529 1138 610 regalis
1161 528 1231 592 ales

176 637 231 699 illa
240 632 379 718 repente
392 634 568 717 propansis
581 633 747 714 utrimque
760 632 871 714 pinnis
883 632 981 695 affuit
993 653 1096 713 rapax
1109 632 1228 714 aquila,

176 760 368 822 memorque
398 738 522 802 ueteris
552 736 703 819 obsequii
730 757 796 819 quo
823 737 925 800 ductu
953 735 1129 817 Cupidinis
1157 736 1230 799 Ioui

137 873 151 918 5
176 844 403 925 pocillatorem
436 843 617 926 Phrygium
649 840 838 916 sustulerat,
865 849 1089 921 opportunam
1117 841 1230 903 ferens

176 969 274 1030 opem
298 948 418 1030 deique
442 967 566 1009 numen
590 945 624 1007 in
648 944 758 1008 uxoris
781 944 948 1007 laboribus
971 944 1155 1026 percolens,
1173 944 1231 1007 alti

176 1052 327 1122 culminis
337 1052 447 1117 ,diales
466 1050 538 1113 uias
557 1048 690 1124 deserit,
708 1057 742 1111 et
760 1048 802 1111 ob
822 1069 859 1111 os
880 1047 1010 1129 puellae
1031 1048 1231 1128 praeuolans

176 1156 310 1238 incipit:
336 1162 387 1218 ‘at
403 1166 440 1218 tu
456 1154 597 1235 simplex
613 1152 758 1234 alioquin
778 1163 812 1214 et
831 1172 949 1232 expers
973 1171 1083 1213 rerum
1105 1151 1229 1228 talium,

176 1280 291 1341 speras
307 1260 433 1342 quippe
449 1269 482 1322 te
499 1256 699 1321 sanctissimi
715 1277 777 1319 nec
795 1256 904 1318 minus
929 1254 1107 1319 truculenti
1127 1254 1230 1319 fontis

124 1393 152 1424 ιο
176 1365 230 1427 uel
253 1384 353 1426 unam
377 1363 498 1426 stillam
523 1382 622 1444 posse
646 1360 751 1423 furari
774 1360 827 1423 uel
851 1358 985 1423 omnino
1014 1359 1230 1440 contingere?

176 1468 226 1530 dis
245 1469 345 1530 etiam
367 1467 497 1548 ipsique
521 1465 594 1529 Ioui
615 1464 843 1528 formidabiles
865 1484 969 1545 aquas
991 1463 1072 1526 istas
1095 1463 1230 1548 Stygias

177 1572 229 1634 uel
245 1571 348 1634 fando
364 1570 577 1652 comperisti?
601 1570 759 1652 quodque
774 1589 835 1631 uos
851 1567 1005 1630 deieratis
1022 1587 1082 1649 per
1093 1567 1231 1630 numina

176 1676 324 1750 deorum,
342 1675 423 1738 deos
448 1694 507 1756 per
529 1674 644 1758 Stygis
663 1674 872 1736 maiestatem
892 1671 1022 1735 solere?
1068 1671 1128 1734 sed
1149 1671 1230 1735 cedo

176 1779 274 1842 istam
290 1778 464 1842 umulam.'
510 1787 544 1841 et
560 1778 711 1860 protinus
730 1778 906 1859 adreptam
925 1776 1099 1857 complexa
1117 1796 1231 1857 ungue

125 1912 151 1957 ις
176 1884 314 1946 festinat
339 1883 532 1964 libratisque
558 1882 734 1964 pinnarum
759 1880 949 1944 nutantium
973 1880 1118 1943 motibus
1145 1879 1231 1943 inter

176 2007 281 2069 genas
305 1986 523 2050 saeuientium
552 1986 700 2049 dentium
726 1996 760 2049 et
786 1986 921 2049 trisulca
948 1985 1134 2048 uibramina
1160 1985 1231 2047 dra·
1314 2014 1321 2022 ·

176 2111 297 2154 conum
327 2091 503 2172 remigium
533 2090 649 2153 dextra
676 2090 837 2171 laeuaque
869 2090 1053 2172 porrigens
1077 2091 1230 2154 nolentes

176 2215 280 2277 aquas
311 2204 344 2257 et
375 2205 412 2266 ut
442 2194 547 2256 abiret
574 2193 651 2256 inde
679 2194 770 2257 ocius
797 2195 964 2272 minantes
990 2195 1121 2277 excipit,
1146 2216 1231 2259 com-

176 2309 289 2362 menta
311 2319 347 2361 se
370 2298 413 2361 ob
436 2298 562 2360 iussum
579 2297 721 2360 Veneris
745 2308 860 2379 petere
881 2298 978 2381 eique
998 2319 1035 2362 se
1057 2299 1231 2381 praemini-

124 2433 152 2464 ω
175 2412 289 2466 strare.
329 2422 431 2483 quare
444 2402 543 2483 paulo
561 2400 689 2463 facilior
700 2401 846 2465 adeundi
858 2402 922 2465 fuit
938 2402 1042 2484 copia.
1109 2406 1161 2468 16.
1183 2403 1230 2467 sic

175 2515 347 2588 acceptam
371 2526 446 2568 cum
471 2504 593 2587 gaudio
617 2504 752 2586 plenam
776 2505 928 2568 urnulam
954 2507 1084 2589 Psyche
1105 2506 1230 2570 Veneri

175 2612 275 2673 citata
298 2609 433 2672 rettulit.

218 2734 280 2777 nec
306 2723 419 2775 tamen
447 2722 565 2775 nutum
591 2712 674 2775 deae
700 2712 880 2775 saeuientis
909 2713 963 2775 uel
989 2722 1069 2777 tunc
1096 2713 1230 2795 expiare

174 2818 289 2900 potuit.
338 2837 416 2879 nam
433 2817 479 2879 sic
496 2836 571 2878 eam
591 2817 716 2879 maiora
737 2826 836 2899 atque
861 2816 974 2898 peiora
997 2817 1122 2898 flagitia
1145 2839 1230 2881 com-

121 2951 148 2998 25
173 2922 304 2984 minans
336 2920 483 3002 appellat
514 2920 680 2982 renidens
702 2920 886 2983 exitiabile:
920 2920 1001 2982 ‘iam
1031 2931 1067 2983 tu
1094 2922 1228 3004 quidem

173 3045 296 3106 magna
319 3024 441 3087 uideris
465 3025 631 3106 quaedam
656 3024 738 3086 mihi
761 3034 794 3087 et
817 3024 883 3087 alta
907 3045 1043 3106 prorsus
1068 3025 1227 3101 malefica,

173 3150 258 3210 quae
274 3128 396 3190 talibus
416 3128 604 3209 praeceptis
624 3127 707 3190 meis
727 3127 965 3209 obtemperasti
984 3128 1122 3191 nauiter.
1171 3130 1228 3192 sed

173 3232 281 3295 adhuc
312 3232 411 3307 istud,
440 3252 515 3294 mea
546 3233 681 3313 pupula,
716 3231 903 3295 ministrare
935 3231 1080 3294 debebis.
1136 3253 1229 3295 sume

171 3336 268 3399 istam
286 3335 461 3421 pyxidem'
478 3332 528 3418 (et
543 3335 634 3399 dedit
654 3334 824 3416 protinus)
840 3341 892 3398 ‘et
911 3355 1018 3417 usque
1040 3334 1082 3397 ad
1103 3334 1228 3398 inferos

118 3473 148 3517 30
171 3450 204 3504 et
220 3440 325 3522 ipsius
345 3439 426 3504 Orci
450 3439 571 3502 ferales
595 3448 736 3520 penates
751 3448 784 3501 te
801 3439 925 3519 derige.
972 3448 1051 3501 tunc
1075 3440 1229 3523 conferes

171 3540 327 3629 pyxidem
348 3542 587 3624 Proserpinae:
614 3541 715 3624 ‘petit
741 3543 783 3605 de
805 3551 838 3605 te
854 3542 991 3615 Venus‚'
1016 3541 1126 3618 dicito,
1146 3548 1230 3605 ‘mo-

170 3648 282 3712 dicum
298 3648 340 3711 de
356 3656 414 3709 tua
430 3647 547 3709 mittas
559 3645 590 3710 ei
605 3646 846 3720 formonsitate‚
865 3645 918 3708 uel
934 3645 976 3708 ad
993 3666 1093 3708 unam
1111 3646 1228 3709 saltem
