2684 4094
574 262 696 315 vanno
1146 274 1190 338 49

85 438 139 495 3ο.
172 420 205 482 et
221 429 316 500 pater
331 417 446 483 diutim
462 420 635 485 trisulcum
650 420 778 486 filmen
795 422 865 505 igni
880 424 1009 487 feruido
1026 434 1136 488 actum

172 522 282 587 mittat
297 524 331 587 in
346 523 475 587 thohim
491 526 630 588 macelli.
980 557 1053 608 Non.
1065 555 1128 620 448·
1146 556 1186 608 ,8,

343 678 382 732 To
394 679 487 748 terrify
498 681 647 750 yluttonoue
661 681 743 734 Rome
756 683 808 734 into
821 681 927 752 reform.

85 797 137 855 31.
171 777 294 861 migne
320 779 369 842 uti
394 779 573 843 tremescat
601 781 709 843 Roma
735 791 769 845 et
796 778 937 863 mignae
966 782 1185 846 ‘mandomim

257 882 376 965 gulae)
993 914 1067 966 Non.
1086 926 1125 979 17.
1144 929 1184 978 14.

518 1011 609 1057 CAVE
632 1011 751 1057 CANEM

450 1108 475 1158 Α
490 1107 621 1177 waterfall
634 1108 662 1159 in
675 1109 715 1160 tte
723 1109 817 1177 forest.

83 1228 136 1286 32.
272 1259 279 1271 .
305 1259 311 1272 .
339 1259 345 1272 .
371 1209 419 1272 uti
435 1209 526 1272 riuus
542 1210 758 1292 praecipitate
775 1211 808 1273 in
826 1211 961 1275 nemore
978 1212 1134 1275 deorsum
1158 1243 1162 1256 ·

168 1312 294 1396 ripitur
313 1324 414 1396 atque
434 1314 585 1376 offensus
606 1314 715 1396 aliquo
737 1336 756 1377 a
778 1313 916 1435 scopulo
937 1315 1087 1396 lapidoso
1109 1314 1185 1377 ilbi-

184 1468 187 1472 ⁴
255 1427 356 1481 catus·
995 1446 1071 1498 Non.
1087 1458 1127 1515 75.
1143 1460 1184 1497 22.

394 1543 480 1589 CRAS
503 1543 618 1589 CREDO
641 1545 750 1590 HODIE
773 1546 870 1590 NIHIL
1178 1552 1186 1559 '

459 1634 513 1687 Tte
519 1635 664 1703 fickleness
676 1636 711 1704 os
720 1636 814 1689 desire.

82 1756 135 1814 33.
372 1786 378 1798 .
405 1786 411 1798 .
437 1787 443 1799 .
470 1735 590 1818 quibus
606 1737 768 1800 instabilis
783 1737 914 1801 inimus
931 1738 1052 1801 ardens

168 1840 369 1905 miltabiliter
384 1838 461 1903 huet
478 1840 601 1903 habere
616 1851 650 1904 et
666 1838 733 1903 non
750 1841 873 1906 habere
889 1840 1079 1905 festidiliter

168 1943 370 2009 inconstanti
384 1945 527 2026 pectore.
846 1974 919 2025 Non.
936 1986 993 2024 112,
1008 1987 1041 2041 93
1064 1986 1122 2041 139·
1138 1971 1181 2024 26,

567 2080 697 2125 crcnvs

540 2172 611 2246 Περὶ
629 2173 721 2246 ταφῆς

140 2276 289 2329 Sweetened
301 2276 368 2328 wine
379 2276 466 2328 would
478 2277 506 2328 be
519 2277 591 2339 deor,
605 2275 635 2345 is
643 2292 746 2344 corpses
759 2293 823 2328 were
834 2277 977 2344 preserved
989 2276 1017 2327 in
1029 2277 1120 2344 honey.

79 2399 132 2459 34.
209 2400 311 2464 quare
329 2379 527 2443 Heraclides
548 2379 702 2443 Ponticos
721 2380 796 2460 plus
815 2380 911 2462 sapit,
932 2380 990 2461 qui
1010 2379 1182 2460 praecepit

165 2495 203 2548 ut
229 2484 468 2559 comburerent,
497 2503 597 2565 quam
627 2483 848 2559 Democritus
877 2483 934 2566 qui
960 2493 996 2545 ut
1023 2483 1056 2545 in
1083 2484 1181 2545 melle

165 2598 344 2651 seruarent.
394 2608 491 2669 quem
516 2587 544 2649 si
568 2588 690 2668 uulgus
715 2597 849 2650 secutus
872 2597 970 2661 esset,
995 2607 1129 2668 peream
1154 2586 1181 2649 si

165 2701 299 2756 centum
315 2691 459 2754 denariis
474 2690 611 2754 calicem
628 2690 726 2754 mulsi
741 2710 851 2752 emere
868 2689 1043 2771 possimus.

973 2793 1049 2844 Non.
1065 2805 1123 2859 230.
1141 2791 1178 2843 16.

240 2879 309 2948 Why
320 2879 415 2932 should
427 2896 561 2931 mourners
574 2887 630 2931 teor
642 2878 708 2930 their
720 2878 835 2947 clothiny
847 2884 873 2930 tet
881 2878 1024 2948 fenerate?

77 3000 130 3063 35.
207 2982 351 3065 denique
374 2981 402 3045 si
423 2981 623 3044 uestimenta
644 3001 684 3043 ea
705 3001 789 3061 opus
811 2991 888 3043 sunt
911 3001 996 3062 quae
1020 2981 1098 3053 fers,
1121 3003 1178 3044 cur

163 3085 373 3150 conscindis?
411 3085 439 3148 si
455 3106 522 3148 non
538 3105 623 3167 opus
639 3094 725 3160 sunt,
744 3104 802 3147 cur
817 3084 907 3147 fers?
976 3127 1049 3178 Non.
1062 3140 1121 3194 497,
1139 3126 1177 3179 ¹6,

434 3282 497 3369 [ms
521 3304 656 3349 orr1c1o
680 3283 819 3370 Momm]

75 3408 129 3482 36.
206 3403 322 3467 uitium
342 3402 452 3466 uxoris
468 3413 524 3464 aut
541 3402 723 3465 tollendum
744 3412 800 3463 aut
819 3401 994 3464 ferendum
1014 3412 1072 3464 est.
1120 3401 1177 3484 qui

161 3507 247 3572 tollit
262 3507 388 3583 uitium,
406 3526 540 3570 uxorem
557 3506 815 3568 commodiorem
835 3515 1001 3586 praestat;
1026 3505 1082 3587 qui
1101 3506 1175 3579 fert,

162 3632 236 3676 sese
252 3611 421 3675 meliorem
438 3609 528 3673 facit.
964 3649 1036 3703 Gell.
1052 3651 1074 3701 1,
1093 3663 1132 3713 17·
1147 3664 1173 3712 4·

205 3738 281 3775 FRAG.
294 3737 410 3787 snm-4
