2684 4094
484 254 678 304 Purnourvs
700 255 853 304 nnuman
1178 249 1221 326 87

169 412 251 474 mihi
275 412 378 475 natali
404 431 479 474 meo
506 411 610 474 cliens
637 411 772 493 quidam
799 412 993 487 donauerat,
1018 412 1121 497 Tyria
1148 413 1219 476 sine

169 516 279 591 dubio,
297 516 356 578 sed
375 507 440 577 iam
461 514 564 578 semel
586 515 661 579 lota.
730 533 784 590 31.
811 515 890 597 quid
912 535 991 597 ergo
1013 517 1086 579 est?
1132 517 1219 580 dono

169 620 263 682 uobis
280 621 377 683 eum.’

213 723 351 805 obligati
373 734 442 787 tam
465 723 585 805 grandi
607 722 769 787 beneficio
792 744 868 786 cum
890 725 1107 787 intrassemus
1123 724 1219 788 tricli-

131 829 270 904 5nium,
297 828 437 891 occurrit
464 827 559 890 nobis
586 827 640 889 ille
667 828 756 890 idem
787 848 913 904 seruus,
940 849 1000 910 pro
1031 850 1096 910 quo
1127 849 1220 910 roga-

168 952 332 1007 ueramus
377 942 410 994 et
451 931 662 1012 stupentibus
704 931 906 1013 spississima
947 932 1039 994 basia
1081 932 1219 1014 impegit

168 1036 292 1118 gratias
319 1056 424 1117 agens
451 1035 649 1099 humanitati
676 1046 816 1099 nostrae.
876 1037 918 1098 ad
949 1056 1112 1099 summam
1139 1043 1219 1100 ‘sta-

168 1140 227 1202 tim
255 1140 383 1202 scietis’
410 1140 455 1202 ait
481 1139 551 1202 ‘cui
577 1139 735 1202 dederitis
762 1140 968 1203 beneficium.
1023 1140 1138 1204 uinum
1165 1141 1219 1205 do-

169 1243 326 1306 minicum
350 1243 580 1306 ministratoris
603 1243 711 1324 gratia
733 1245 800 1307 est’

686 1370 703 1406 Ι

118 1481 146 1513 10
212 1452 348 1514 tandem
372 1470 452 1533 crgo
471 1451 700 1514 discubuimus
716 1452 828 1533 pueris
844 1452 1080 1515 Alexandrinis
1097 1473 1217 1535 aquam

169 1555 202 1617 in
226 1575 344 1617 manus
367 1554 515 1618 niuatam
538 1555 791 1619 infundentibus
812 1556 950 1639 aliisque
967 1557 1218 1639 insequentibus

169 1659 211 1721 ad
235 1659 339 1740 pedes
362 1679 401 1721 ac
425 1659 628 1743 paronychia
644 1680 720 1722 cum
736 1659 865 1741 ingenti
881 1660 1062 1722 subtilitate
1078 1661 1219 1724 tollenti-

157 1762 239 1825 bus.
286 1783 325 1826 ac
342 1783 384 1825 ne
399 1762 433 1824 in
450 1764 513 1826 hoc
530 1763 663 1845 quidem
679 1774 747 1827 tam
764 1765 904 1826 molesto
922 1764 1079 1827 tacebant
1100 1763 1216 1838 offici0,

169 1867 227 1928 sed
243 1867 349 1930 obiter
361 1867 550 1930 cantabant.
597 1887 661 1948 ego
678 1867 820 1949 experiri
836 1867 934 1942 uolui,
948 1889 990 1929 an
1007 1877 1077 1930 tota
1094 1868 1219 1930 familia

119 1996 144 2042 15
168 1981 327 2047 cantaret,
352 1972 463 2054 itaque
489 1972 657 2054 potionem
686 1973 833 2054 poposci.
881 1972 1109 2054 paratissimus
1137 1992 1219 2054 puer

168 2096 235 2138 non
259 2077 370 2139 minus
389 2097 442 2138 me
464 2076 559 2139 acido
578 2077 707 2140 cantico
723 2077 862 2159 excepit,
880 2086 913 2138 et
929 2076 1078 2159 quisquis
1094 2076 1218 2158 aliquid

168 2190 306 2260 rogatus
330 2191 402 2243 erat
425 2191 461 2243 ut
485 2180 580 2244 daret
756 2180 953 2262 pantomimi
979 2182 1126 2255 chorum,
1151 2201 1218 2243 non

169 2283 273 2364 patris
303 2284 450 2346 familiae
481 2284 659 2348 triclinium
689 2284 850 2348 crederes
902 2285 1002 2347 allata
1028 2294 1079 2347 est
1105 2294 1217 2347 tamen

168 2387 313 2467 gustatio
326 2388 423 2451 ualde
435 2389 543 2464 lauta;
566 2409 644 2451 nam
660 2389 725 2450 iam
742 2408 859 2451 omnes
875 2388 1110 2451 discubuerant
1127 2408 1218 2469 prae-

116 2516 145 2547 ω
168 2501 218 2552 ter
238 2492 347 2573 ipsum
369 2492 662 2567 Trimalchionem,
679 2493 733 2555 cui
753 2492 845 2556 locus
866 2513 953 2555 nouo
977 2513 1068 2555 more
1093 2492 1218 2574 primus
1313 2558 1320 2565 .

169 2596 372 2659 seruabatur.
419 2607 567 2659 ceterum
598 2597 684 2659 inter
711 2596 965 2678 promulsidaria
995 2596 1117 2658 asellus
1147 2605 1218 2658 erat

169 2698 360 2762 Corinthius
383 2720 459 2763 cum
482 2699 626 2763 bisaccio
651 2700 787 2782 positus,
810 2700 866 2782 qui
890 2700 1034 2762 habebat
1058 2699 1161 2762 oliuas
1183 2699 1217 2761 in

168 2802 273 2865 altera
296 2813 389 2884 parte
413 2803 515 2878 albas,
540 2803 573 2865 in
597 2805 701 2866 altera
724 2804 846 2884 nigras.
866 2859 870 2864 f
893 2804 1052 2884 tegebant
1078 2803 1217 2865 asellum

167 2906 253 2970 duae
277 2908 398 2982 lances,
417 2907 450 2969 in
474 2927 614 2989 quarum
638 2907 843 2990 marginibus
862 2927 985 2970 nomen
1004 2907 1218 2970 Trimalchio·

115 3035 143 3080 25
167 3010 218 3073 nis
242 3011 438 3093 inscriptum
462 3022 532 3074 erat
551 3021 585 3074 et
606 3012 736 3093 argenti
753 3012 892 3093 pondus.
941 3011 1101 3092 ponticuli
1117 3011 1216 3073 etiam

167 3114 375 3193 ferruminati
390 3113 599 3178 sustinebant
614 3115 715 3197 glires
728 3115 826 3179 melle
839 3135 877 3178 ac
890 3135 1058 3196 papauere
1071 3135 1215 3196 sparsos

167 3219 302 3282 fuerunt
318 3229 351 3281 et
366 3219 533 3281 tomacula
548 3238 649 3301 super
664 3219 857 3282 craticulam
873 3229 1065 3299 argenteam
1087 3219 1217 3281 feruen-

166 3321 212 3383 tia
234 3322 352 3402 posita,
370 3332 403 3385 et
418 3321 506 3383 infra
521 3321 713 3392 craticulam
731 3322 868 3406 Syriaca
884 3342 992 3404 pruna
1008 3342 1084 3385 cum
1103 3321 1217 3403 granis

168 3425 282 3488 Punici
298 3425 384 3487 mali.

113 3557 143 3602 30
210 3547 263 3604 32.
290 3529 323 3591 in
347 3529 399 3592 his
422 3548 553 3593 cramus
577 3530 722 3606 lautitiis
748 3551 823 3594 cum
848 3531 919 3612 ipse
943 3529 1145 3592 Trimalchio
1174 3529 1216 3591 ad

166 3632 401 3716 symphoniam
418 3633 538 3697 allatus
551 3644 602 3697 est
615 3634 809 3717 positusque
825 3633 911 3697 inter
923 3633 1098 3697 ceruicalia
1114 3632 1216 3696 muni-
