2684 4094
133 245 194 320 146
394 236 606 302 rmoueics
627 255 673 302 or
696 239 822 302 nouas
844 250 971 302 sanna

183 410 332 490 proximo
358 410 585 472 semirotundo
614 420 784 491 suggestu,
813 419 949 490 propter
973 409 1238 474 instrumentum

181 514 385 576 cenatorium
404 524 477 576 rata
495 515 636 576 refectui
656 535 717 576 suo
737 514 957 589 commodum,
977 514 1089 578 libens
1108 535 1239 579 accum-

181 618 237 680 bit.
284 628 319 680 et
336 618 411 681 ilico
430 618 499 680 uini
517 618 665 681 nectarei
685 618 895 700 eduliumque
915 618 1085 681 uariorum
1108 620 1238 682 fercula

181 722 327 802 copiosa,
359 721 450 784 nullo
481 722 657 797 seruiente,
688 721 748 784 sed
777 731 907 784 tantum
936 722 1055 802 spiritu
1087 724 1235 804 quodam

143 854 157 898 ς
182 826 333 906 impulsa,
361 825 660 888 subministrantur.
718 845 781 888 nec
807 845 1006 908 quemquam
1033 836 1151 889 tamen
1183 826 1236 889 illa

182 929 294 991 uidere
310 940 450 1011 poterat,
468 930 528 992 sed
540 930 642 992 uerba
660 939 791 992 tantum
809 929 964 992 audiebat
984 928 1186 1005 excidentia,
1204 941 1235 993 et

182 1034 270 1095 solas
283 1054 382 1096 noces
393 1034 539 1096 famulas
552 1034 704 1096 habebat
742 1043 819 1115 post
831 1032 959 1113 opimas
973 1033 1081 1114 dapes
1098 1035 1234 1116 quidam

181 1138 377 1211 introcessit,
391 1149 424 1199 et
436 1138 584 1199 cantauit
596 1138 737 1212 inuisus;
760 1147 794 1200 et
805 1137 889 1198 alius
900 1136 1061 1226 citharam
1074 1139 1234 1218 pulsauit,

181 1261 266 1322 quae
288 1242 463 1304 uidebatur
483 1261 545 1304 nec
569 1241 650 1321 ipsa.
696 1251 775 1303 tunc
799 1241 986 1303 modulatae
1009 1241 1236 1305 multitudinis

129 1371 157 1402 ιο
180 1340 332 1407 ςοηὶεηά
351 1366 415 1407 uox
436 1365 534 1408 aures
556 1346 628 1407 eius
650 1345 799 1419 affertur,
816 1355 862 1419 ut,
879 1343 1032 1427 quamuis
1057 1344 1235 1408 hominum

180 1468 279 1510 nemo
303 1460 444 1530 pareret,
468 1450 590 1511 chorus
612 1460 725 1511 tamen
751 1467 826 1510 esse
851 1457 989 1530 pateret
1061 1468 1097 1526 4.
1132 1450 1236 1513 finitis

181 1553 418 1633 uoluptatibus,
443 1572 584 1633 uespera
612 1552 783 1626 suadente,
807 1551 959 1615 concedit
986 1552 1119 1634 Psyche
1146 1554 1237 1616 cubi·

179 1665 258 1718 tum.
313 1657 446 1737 iamque
472 1668 632 1737 prouecta
657 1667 755 1718 nocte
788 1656 936 1718 clemens
961 1654 1096 1737 quidam
1129 1677 1236 1720 sonus

180 1781 277 1824 aures
307 1762 378 1823 eius
408 1760 545 1822 accedit.
608 1771 687 1823 tunc
718 1758 898 1840 uirginitati
930 1778 1009 1821 suae
1041 1780 1104 1841 pro
1138 1770 1237 1825 tanta

129 1892 154 1935 ις
179 1865 356 1928 solitudine
383 1874 537 1926 metucns
563 1873 665 1945 pauet
691 1873 725 1925 et
748 1864 917 1938 horrescit,
941 1873 975 1925 et
997 1863 1119 1945 quouis
1143 1867 1235 1928 malo

179 1969 254 2047 plus
273 1969 375 2041 timet,
393 1968 482 2048 quod
499 1967 640 2048 ignorat.
693 1967 824 2049 iamque
845 1967 959 2030 aderat
981 1966 1139 2048 ignobilis
1162 1990 1234 2032 ma-

178 2071 269 2145 ritus,
298 2081 332 2134 et
361 2083 470 2134 torum
501 2071 722 2145 inscenderat,
750 2080 785 2133 et
813 2091 949 2134 uxorem
980 2070 1043 2133 sibi
1074 2071 1234 2156 Psychen

178 2174 313 2249 fecerat,
330 2185 364 2237 et
382 2187 460 2237 ante
480 2175 562 2237 lucis
580 2187 730 2237 exortum
752 2194 894 2256 propere
912 2175 1120 2238 discesserat.
1168 2188 1235 2241 sta-

177 2278 235 2338 tim
264 2299 363 2340 uoces
389 2278 543 2340 cubiculo
570 2277 791 2359 praestolatae
818 2299 939 2340 nouam
966 2289 1107 2360 nuptam
1132 2279 1234 2345 inter-

125 2405 153 2434 ω
177 2380 287 2443 fectae
320 2382 518 2462 uirginitatis
548 2392 675 2445 curant
727 2382 810 2444 haec
840 2382 969 2445 diutino
998 2392 1151 2465 tempore
1184 2386 1233 2449 sic

177 2485 369 2563 agebantur.
417 2496 526 2566 atque,
546 2497 581 2547 ut
603 2496 654 2549 est
677 2496 795 2548 natura
817 2486 992 2561 redditum,
1011 2486 1145 2550 nouitas
1168 2510 1234 2570 per

176 2588 343 2649 assiduam
359 2589 633 2652 consuetudinem
649 2590 903 2652 delectationem
919 2589 950 2652 ei
965 2591 1231 2670 commendarat,

175 2701 208 2752 et
224 2711 326 2753 sonus
342 2692 433 2753 uocis
450 2692 596 2754 incertae
613 2693 799 2755 solitudinis
815 2703 887 2755 erat
902 2692 1070 2757 solacium.

217 2794 344 2861 interea
368 2806 523 2874 parentes
546 2796 617 2858 eius
641 2797 810 2858 indefesso
834 2796 924 2859 luctu
948 2807 1049 2879 atque
1073 2817 1231 2865 maerore

121 2924 149 2968 25
173 2898 466 2972 consenescebant,
496 2899 660 2981 latiusque
688 2910 841 2981 porrecta
866 2901 959 2963 fama
988 2920 1119 2964 sorores
1149 2902 1230 2968 illae

173 3001 313 3063 maiores
339 3012 460 3064 cuncta
487 3014 680 3084 cognorant,
711 3023 918 3086 propereque
945 3015 1092 3067 maestae
1123 3016 1230 3089 atque

171 3103 339 3184 lugubres,
368 3106 500 3168 deserto
527 3107 605 3180 lare,
634 3109 784 3170 certatim
811 3108 854 3170 ad
884 3118 1060 3190 parentum
1086 3128 1228 3174 suorum

171 3218 387 3290 conspectum
409 3210 626 3292 adlatumque
649 3222 871 3293 perrexerant.
940 3229 972 3291 5.
998 3231 1038 3275 ea
1059 3223 1159 3277 nocte
1182 3217 1228 3279 ad

170 3331 264 3372 suam
288 3312 438 3395 Psychen
463 3314 508 3375 sic
530 3313 601 3375 infit
624 3314 761 3376 maritus
775 3312 936 3397 (namque
959 3325 1091 3396 praeter
1108 3318 1228 3383 oculos

114 3443 145 3487 30
168 3425 201 3476 et
223 3415 376 3476 manibus
397 3426 430 3477 et
452 3416 587 3477 auribus
607 3416 669 3478 iste
693 3417 784 3479 Nihil
806 3418 1043 3499 sentiebaturlz
1073 3421 1227 3505 ‘Psyche

169 3518 360 3580 dulcissima
377 3529 409 3580 et
426 3539 503 3581 cara
519 3539 609 3593 uxor,
623 3519 788 3583 exitiabile
804 3520 864 3583 tibi
879 3522 1062 3602 periculum
1076 3523 1228 3589 minatur

168 3621 305 3684 fortuna
333 3621 472 3696 saeuior,
499 3622 588 3702 quod
618 3623 863 3686 obseruandum
895 3625 1059 3707 pressiore
1089 3631 1228 3693 cautela
