<?xml version="1.0" encoding="UTF-8"?>
<!DOCTYPE html PUBLIC "-//W3C//DTD XHTML 1.0 Transitional//EN"
    "http://www.w3.org/TR/xhtml1/DTD/xhtml1-transitional.dtd">
<html xmlns="http://www.w3.org/1999/xhtml" xml:lang="en" lang="en">
 <head>
  <title>
</title>
<meta http-equiv="Content-Type" content="text/html;charset=utf-8" />
  <meta name='ocr-system' content='tesseract 3.04.00' />
  <meta name='ocr-capabilities' content='ocr_page ocr_carea ocr_par ocr_line ocrx_word'/>
</head>
<body>
  <div class='ocr_page' id='page_1' title='image "./fragmentsromans00unkngoog_0151.png"; bbox 0 0 2684 4094; ppageno 0'>
   <div class='ocr_carea' id='block_1_1' title="bbox 150 240 987 326">
    <p class='ocr_par' dir='ltr' id='par_1_1' title="bbox 150 240 987 326">
     <span class='ocr_line' id='line_1_1' title="bbox 150 240 987 326; baseline -0.005 -15"><span class='ocrx_word' id='word_1_1' title='bbox 150 262 211 326; x_wconf 83' lang='lat'><strong>142</strong></span> <span class='ocrx_word' id='word_1_2' title='bbox 409 240 621 307; x_wconf 74' lang='lat' dir='ltr'><strong>Funcunurs</strong></span> <span class='ocrx_word' id='word_1_3' title='bbox 643 257 689 308; x_wconf 79' lang='lat' dir='ltr'><strong>os</strong></span> <span class='ocrx_word' id='word_1_4' title='bbox 711 257 838 308; x_wconf 74' lang='lat' dir='ltr'><strong>noum</strong></span> <span class='ocrx_word' id='word_1_5' title='bbox 861 258 987 308; x_wconf 70' lang='lat' dir='ltr'><strong>sunus</strong></span> 
     </span>
    </p>
   </div>
   <div class='ocr_carea' id='block_1_2' title="bbox 145 413 1258 2576">
    <p class='ocr_par' dir='ltr' id='par_1_2' title="bbox 145 413 1258 2576">
     <span class='ocr_line' id='line_1_2' title="bbox 199 413 1258 496; baseline 0.004 -20"><span class='ocrx_word' id='word_1_6' title='bbox 199 413 395 496; x_wconf 84' lang='lat' dir='ltr'><strong>flagrantiae</strong></span> <span class='ocrx_word' id='word_1_7' title='bbox 408 413 487 478; x_wconf 91' lang='lat' dir='ltr'><strong>solis</strong></span> <span class='ocrx_word' id='word_1_8' title='bbox 499 414 629 478; x_wconf 89' lang='lat' dir='ltr'><strong>obsistit</strong></span> <span class='ocrx_word' id='word_1_9' title='bbox 640 415 781 479; x_wconf 92' lang='lat' dir='ltr'><strong>inimici:</strong></span> <span class='ocrx_word' id='word_1_10' title='bbox 800 415 885 479; x_wconf 89' lang='lat' dir='ltr'><strong>alius</strong></span> <span class='ocrx_word' id='word_1_11' title='bbox 897 415 958 479; x_wconf 91' lang='lat' dir='ltr'><strong>sub</strong></span> <span class='ocrx_word' id='word_1_12' title='bbox 974 416 1078 480; x_wconf 90' lang='lat' dir='ltr'><strong>oculis</strong></span> <span class='ocrx_word' id='word_1_13' title='bbox 1093 417 1258 480; x_wconf 90' lang='lat' dir='ltr'><strong>dominae</strong></span> 
     </span>
     <span class='ocr_line' id='line_1_3' title="bbox 199 518 1258 600; baseline 0.004 -20"><span class='ocrx_word' id='word_1_14' title='bbox 199 518 373 599; x_wconf 94' lang='lat' dir='ltr'><strong>speculum</strong></span> <span class='ocrx_word' id='word_1_15' title='bbox 392 519 557 600; x_wconf 86' lang='lat' dir='ltr'><strong>progerit:</strong></span> <span class='ocrx_word' id='word_1_16' title='bbox 582 539 697 582; x_wconf 92' lang='lat' dir='ltr'><strong>currus</strong></span> <span class='ocrx_word' id='word_1_17' title='bbox 715 519 845 600; x_wconf 87' lang='lat' dir='ltr'><strong>biiuges</strong></span> <span class='ocrx_word' id='word_1_18' title='bbox 863 518 919 582; x_wconf 94' lang='lat' dir='ltr'><strong>alii</strong></span> <span class='ocrx_word' id='word_1_19' title='bbox 937 519 1128 584; x_wconf 81' lang='lat' dir='ltr'><strong>subnatant</strong></span> <span class='ocrx_word' id='word_1_20' title='bbox 1177 523 1258 584; x_wconf 85' lang='lat' dir='ltr'><strong>talis</strong></span> 
     </span>
     <span class='ocr_line' id='line_1_4' title="bbox 200 621 1213 704; baseline 0.004 -21"><span class='ocrx_word' id='word_1_21' title='bbox 200 622 242 684; x_wconf 92' lang='lat' dir='ltr'><strong>ad</strong></span> <span class='ocrx_word' id='word_1_22' title='bbox 259 621 434 686; x_wconf 82' lang='lat' dir='ltr'>Oceanum</span> <span class='ocrx_word' id='word_1_23' title='bbox 449 632 646 704; x_wconf 86' lang='lat' dir='ltr'>pergentem</span> <span class='ocrx_word' id='word_1_24' title='bbox 662 624 830 686; x_wconf 86' lang='lat' dir='ltr'><strong>Venerem</strong></span> <span class='ocrx_word' id='word_1_25' title='bbox 846 624 1021 687; x_wconf 88' lang='lat' dir='ltr'>comitatur</span> <span class='ocrx_word' id='word_1_26' title='bbox 1036 625 1213 687; x_wconf 86' lang='lat' dir='ltr'><strong>exercitus.</strong></span> 
     </span>
     <span class='ocr_line' id='line_1_5' title="bbox 244 725 1258 811; baseline 0.002 -22"><span class='ocrx_word' id='word_1_27' title='bbox 244 744 297 802; x_wconf 76' lang='lat'><strong>32.</strong></span> <span class='ocrx_word' id='word_1_28' title='bbox 323 725 450 791; x_wconf 90' lang='lat' dir='ltr'><strong>interea</strong></span> <span class='ocrx_word' id='word_1_29' title='bbox 471 727 601 811; x_wconf 85' lang='lat' dir='ltr'><strong>Psyche</strong></span> <span class='ocrx_word' id='word_1_30' title='bbox 620 746 695 789; x_wconf 92' lang='lat' dir='ltr'><strong>cum</strong></span> <span class='ocrx_word' id='word_1_31' title='bbox 715 747 775 789; x_wconf 90' lang='lat' dir='ltr'><strong>sua</strong></span> <span class='ocrx_word' id='word_1_32' title='bbox 794 727 857 790; x_wconf 91' lang='lat' dir='ltr'><strong>sibi</strong></span> <span class='ocrx_word' id='word_1_33' title='bbox 875 727 1052 809; x_wconf 88' lang='lat' dir='ltr'><strong>perspicua</strong></span> <span class='ocrx_word' id='word_1_34' title='bbox 1069 729 1258 810; x_wconf 90' lang='lat' dir='ltr'><strong>pulchritu-</strong></span> 
     </span>
     <span class='ocr_line' id='line_1_6' title="bbox 162 829 1257 917; baseline 0.003 -25"><span class='ocrx_word' id='word_1_35' title='bbox 162 857 175 903; x_wconf 84' lang='lat'><strong>5</strong></span> <span class='ocrx_word' id='word_1_36' title='bbox 200 829 277 893; x_wconf 90' lang='lat' dir='ltr'><strong>dine</strong></span> <span class='ocrx_word' id='word_1_37' title='bbox 296 831 423 892; x_wconf 90' lang='lat' dir='ltr'><strong>nullum</strong></span> <span class='ocrx_word' id='word_1_38' title='bbox 442 830 640 917; x_wconf 87' lang='lat' dir='ltr'><strong>decorissui</strong></span> <span class='ocrx_word' id='word_1_39' title='bbox 659 831 804 893; x_wconf 81' lang='lat' dir='ltr'><strong>fructum</strong></span> <span class='ocrx_word' id='word_1_40' title='bbox 823 830 973 913; x_wconf 89' lang='lat' dir='ltr'><strong>percipit.</strong></span> <span class='ocrx_word' id='word_1_41' title='bbox 1021 842 1195 912; x_wconf 89' lang='lat' dir='ltr'><strong>spectatur</strong></span> <span class='ocrx_word' id='word_1_42' title='bbox 1213 834 1257 896; x_wconf 91' lang='lat' dir='ltr'><strong>ab</strong></span> 
     </span>
     <span class='ocr_line' id='line_1_7' title="bbox 199 933 1254 1017; baseline 0.002 -21"><span class='ocrx_word' id='word_1_43' title='bbox 199 933 362 1009; x_wconf 91' lang='lat' dir='ltr'><strong>omnibus,</strong></span> <span class='ocrx_word' id='word_1_44' title='bbox 380 934 535 997; x_wconf 89' lang='lat' dir='ltr'><strong>laudatur</strong></span> <span class='ocrx_word' id='word_1_45' title='bbox 556 934 599 997; x_wconf 89' lang='lat' dir='ltr'><strong>ab</strong></span> <span class='ocrx_word' id='word_1_46' title='bbox 622 934 784 1010; x_wconf 88' lang='lat' dir='ltr'><strong>omnibus,</strong></span> <span class='ocrx_word' id='word_1_47' title='bbox 802 955 864 999; x_wconf 91' lang='lat' dir='ltr'><strong>nec</strong></span> <span class='ocrx_word' id='word_1_48' title='bbox 888 934 1072 1017; x_wconf 89' lang='lat' dir='ltr'><strong>quisquam,</strong></span> <span class='ocrx_word' id='word_1_49' title='bbox 1090 957 1160 999; x_wconf 91' lang='lat' dir='ltr'><strong>non</strong></span> <span class='ocrx_word' id='word_1_50' title='bbox 1185 957 1254 1012; x_wconf 85' lang='lat' dir='ltr'><strong>rex,</strong></span> 
     </span>
     <span class='ocr_line' id='line_1_8' title="bbox 199 1037 1255 1120; baseline 0.002 -20"><span class='ocrx_word' id='word_1_51' title='bbox 199 1056 266 1100; x_wconf 89' lang='lat' dir='ltr'><strong>non</strong></span> <span class='ocrx_word' id='word_1_52' title='bbox 283 1037 404 1119; x_wconf 73' lang='lat' dir='ltr'><strong>regius</strong></span> <span class='ocrx_word' id='word_1_53' title='bbox 422 1058 484 1101; x_wconf 91' lang='lat' dir='ltr'><strong>nec</strong></span> <span class='ocrx_word' id='word_1_54' title='bbox 500 1038 541 1100; x_wconf 89' lang='lat' dir='ltr'><strong>de</strong></span> <span class='ocrx_word' id='word_1_55' title='bbox 558 1038 656 1119; x_wconf 88' lang='lat' dir='ltr'><strong>plebe</strong></span> <span class='ocrx_word' id='word_1_56' title='bbox 673 1039 790 1101; x_wconf 88' lang='lat' dir='ltr'><strong>saltem</strong></span> <span class='ocrx_word' id='word_1_57' title='bbox 807 1038 945 1120; x_wconf 90' lang='lat' dir='ltr'><strong>cupiens</strong></span> <span class='ocrx_word' id='word_1_58' title='bbox 967 1039 1038 1102; x_wconf 90' lang='lat' dir='ltr'><strong>eius</strong></span> <span class='ocrx_word' id='word_1_59' title='bbox 1057 1040 1255 1120; x_wconf 84' lang='lat' dir='ltr'><strong>nuptiarum</strong></span> 
     </span>
     <span class='ocr_line' id='line_1_9' title="bbox 200 1141 1254 1225; baseline 0.002 -21"><span class='ocrx_word' id='word_1_60' title='bbox 200 1142 320 1223; x_wconf 91' lang='lat' dir='ltr'><strong>petitor</strong></span> <span class='ocrx_word' id='word_1_61' title='bbox 351 1142 486 1205; x_wconf 91' lang='lat' dir='ltr'><strong>accedit.</strong></span> <span class='ocrx_word' id='word_1_62' title='bbox 547 1141 709 1205; x_wconf 90' lang='lat' dir='ltr'><strong>mirantur</strong></span> <span class='ocrx_word' id='word_1_63' title='bbox 739 1142 873 1225; x_wconf 90' lang='lat' dir='ltr'><strong>quidem</strong></span> <span class='ocrx_word' id='word_1_64' title='bbox 908 1143 1055 1205; x_wconf 90' lang='lat' dir='ltr'><strong>diuinam</strong></span> <span class='ocrx_word' id='word_1_65' title='bbox 1091 1144 1254 1225; x_wconf 86' lang='lat' dir='ltr'><strong>speciem,</strong></span> 
     </span>
     <span class='ocr_line' id='line_1_10' title="bbox 200 1246 1254 1328; baseline 0.002 -20"><span class='ocrx_word' id='word_1_66' title='bbox 200 1246 259 1308; x_wconf 92' lang='lat' dir='ltr'><strong>sed</strong></span> <span class='ocrx_word' id='word_1_67' title='bbox 275 1255 311 1308; x_wconf 97' lang='lat' dir='ltr'><strong>ut</strong></span> <span class='ocrx_word' id='word_1_68' title='bbox 327 1246 540 1309; x_wconf 86' lang='lat' dir='ltr'><strong>simulacrum</strong></span> <span class='ocrx_word' id='word_1_69' title='bbox 558 1246 653 1308; x_wconf 77' lang='lat' dir='ltr'><strong>fabre</strong></span> <span class='ocrx_word' id='word_1_70' title='bbox 670 1246 810 1328; x_wconf 89' lang='lat' dir='ltr'><strong>politum</strong></span> <span class='ocrx_word' id='word_1_71' title='bbox 826 1247 988 1309; x_wconf 90' lang='lat' dir='ltr'><strong>mirantur</strong></span> <span class='ocrx_word' id='word_1_72' title='bbox 1004 1266 1128 1309; x_wconf 93' lang='lat' dir='ltr'><strong>omnes.</strong></span> <span class='ocrx_word' id='word_1_73' title='bbox 1172 1248 1254 1310; x_wconf 94' lang='lat' dir='ltr'><strong>olim</strong></span> 
     </span>
     <span class='ocr_line' id='line_1_11' title="bbox 148 1341 1256 1432; baseline 0.004 -22"><span class='ocrx_word' id='word_1_74' title='bbox 148 1378 176 1410; x_wconf 78' lang='grc' dir='ltr'><strong>ιο</strong></span> <span class='ocrx_word' id='word_1_75' title='bbox 199 1350 285 1413; x_wconf 90' lang='lat' dir='ltr'><strong>duae</strong></span> <span class='ocrx_word' id='word_1_76' title='bbox 308 1351 449 1413; x_wconf 89' lang='lat' dir='ltr'><strong>maiores</strong></span> <span class='ocrx_word' id='word_1_77' title='bbox 473 1341 611 1426; x_wconf 87' lang='lat' dir='ltr'><strong>sorores,</strong></span> <span class='ocrx_word' id='word_1_78' title='bbox 635 1363 774 1432; x_wconf 86' lang='lat' dir='ltr'><strong>¹quarum</strong></span> <span class='ocrx_word' id='word_1_79' title='bbox 798 1360 1017 1432; x_wconf 89' lang='lat' dir='ltr'><strong>temperatam</strong></span> <span class='ocrx_word' id='word_1_80' title='bbox 1041 1352 1256 1414; x_wconf 83' lang='lat' dir='ltr'><strong>formonsita-</strong></span> 
     </span>
     <span class='ocr_line' id='line_1_12' title="bbox 199 1454 1255 1536; baseline 0.004 -21"><span class='ocrx_word' id='word_1_81' title='bbox 199 1462 266 1516; x_wconf 90' lang='lat' dir='ltr'><strong>tem</strong></span> <span class='ocrx_word' id='word_1_82' title='bbox 287 1454 368 1516; x_wconf 93' lang='lat' dir='ltr'><strong>nulli</strong></span> <span class='ocrx_word' id='word_1_83' title='bbox 389 1454 604 1517; x_wconf 87' lang='lat' dir='ltr'><strong>diffamarant</strong></span> <span class='ocrx_word' id='word_1_84' title='bbox 625 1454 749 1536; x_wconf 88' lang='lat' dir='ltr'><strong>populi,</strong></span> <span class='ocrx_word' id='word_1_85' title='bbox 770 1455 880 1535; x_wconf 91' lang='lat' dir='ltr'><strong>procis</strong></span> <span class='ocrx_word' id='word_1_86' title='bbox 902 1454 1037 1536; x_wconf 84' lang='lat' dir='ltr'><strong>regibus</strong></span> <span class='ocrx_word' id='word_1_87' title='bbox 1061 1454 1255 1536; x_wconf 88' lang='lat' dir='ltr'><strong>desponsae</strong></span> 
     </span>
     <span class='ocr_line' id='line_1_13' title="bbox 199 1556 1255 1643; baseline 0.004 -23"><span class='ocrx_word' id='word_1_88' title='bbox 199 1556 264 1620; x_wconf 89' lang='lat' dir='ltr'><strong>iam</strong></span> <span class='ocrx_word' id='word_1_89' title='bbox 295 1556 410 1621; x_wconf 88' lang='lat' dir='ltr'><strong>beatas</strong></span> <span class='ocrx_word' id='word_1_90' title='bbox 441 1558 575 1640; x_wconf 90' lang='lat' dir='ltr'><strong>nuptias</strong></span> <span class='ocrx_word' id='word_1_91' title='bbox 606 1565 683 1620; x_wconf 73' lang='lat' dir='ltr'><strong>oum</strong></span> <span class='ocrx_word' id='word_1_92' title='bbox 713 1558 875 1638; x_wconf 89' lang='lat' dir='ltr'><strong>adeptae:</strong></span> <span class='ocrx_word' id='word_1_93' title='bbox 906 1559 966 1621; x_wconf 92' lang='lat' dir='ltr'><strong>sed</strong></span> <span class='ocrx_word' id='word_1_94' title='bbox 998 1558 1127 1643; x_wconf 88' lang='lat' dir='ltr'><strong>Psyche</strong></span> <span class='ocrx_word' id='word_1_95' title='bbox 1156 1559 1255 1640; x_wconf 88' lang='lat' dir='ltr'><strong>uirgo</strong></span> 
     </span>
     <span class='ocr_line' id='line_1_14' title="bbox 198 1661 1252 1739; baseline 0.001 -15"><span class='ocrx_word' id='word_1_96' title='bbox 198 1661 298 1725; x_wconf 92' lang='lat' dir='ltr'><strong>uidua</strong></span> <span class='ocrx_word' id='word_1_97' title='bbox 317 1661 408 1724; x_wconf 93' lang='lat' dir='ltr'><strong>domi</strong></span> <span class='ocrx_word' id='word_1_98' title='bbox 428 1662 577 1725; x_wconf 91' lang='lat' dir='ltr'><strong>residens</strong></span> <span class='ocrx_word' id='word_1_99' title='bbox 598 1662 699 1725; x_wconf 89' lang='lat' dir='ltr'><strong>deflet</strong></span> <span class='ocrx_word' id='word_1_100' title='bbox 720 1663 886 1725; x_wconf 89' lang='lat' dir='ltr'><strong>desertam</strong></span> <span class='ocrx_word' id='word_1_101' title='bbox 908 1682 1002 1724; x_wconf 92' lang='lat' dir='ltr'><strong>suam</strong></span> <span class='ocrx_word' id='word_1_102' title='bbox 1025 1662 1252 1739; x_wconf 87' lang='lat' dir='ltr'><strong>solitudinem,</strong></span> 
     </span>
     <span class='ocr_line' id='line_1_15' title="bbox 198 1765 1254 1848; baseline 0.001 -18"><span class='ocrx_word' id='word_1_103' title='bbox 198 1784 299 1847; x_wconf 86' lang='lat' dir='ltr'><strong>aegra</strong></span> <span class='ocrx_word' id='word_1_104' title='bbox 318 1767 475 1847; x_wconf 90' lang='lat' dir='ltr'><strong>corporis,</strong></span> <span class='ocrx_word' id='word_1_105' title='bbox 493 1766 595 1829; x_wconf 90' lang='lat' dir='ltr'><strong>animi</strong></span> <span class='ocrx_word' id='word_1_106' title='bbox 614 1766 725 1830; x_wconf 90' lang='lat' dir='ltr'><strong>saucia</strong></span> <span class='ocrx_word' id='word_1_107' title='bbox 736 1787 744 1842; x_wconf 91' lang='lat'>;</span> <span class='ocrx_word' id='word_1_108' title='bbox 767 1775 801 1829; x_wconf 89' lang='lat' dir='ltr'><strong>et</strong></span> <span class='ocrx_word' id='word_1_109' title='bbox 821 1766 973 1848; x_wconf 90' lang='lat' dir='ltr'><strong>quamuis</strong></span> <span class='ocrx_word' id='word_1_110' title='bbox 994 1765 1150 1846; x_wconf 87' lang='lat' dir='ltr'><strong>gentibus</strong></span> <span class='ocrx_word' id='word_1_111' title='bbox 1171 1769 1254 1831; x_wconf 89' lang='lat' dir='ltr'><strong>totis</strong></span> 
     </span>
     <span class='ocr_line' id='line_1_16' title="bbox 146 1869 1255 1953; baseline 0.002 -22"><span class='ocrx_word' id='word_1_112' title='bbox 146 1898 172 1944; x_wconf 84' lang='lat'><strong>15</strong></span> <span class='ocrx_word' id='word_1_113' title='bbox 198 1871 431 1953; x_wconf 84' lang='lat' dir='ltr'><strong>complacitam</strong></span> <span class='ocrx_word' id='word_1_114' title='bbox 455 1870 524 1933; x_wconf 95' lang='lat' dir='ltr'><strong>odit</strong></span> <span class='ocrx_word' id='word_1_115' title='bbox 546 1870 580 1932; x_wconf 93' lang='lat' dir='ltr'><strong>in</strong></span> <span class='ocrx_word' id='word_1_116' title='bbox 604 1890 639 1932; x_wconf 91' lang='lat' dir='ltr'><strong>se</strong></span> <span class='ocrx_word' id='word_1_117' title='bbox 663 1889 757 1932; x_wconf 87' lang='lat' dir='ltr'><strong>suam</strong></span> <span class='ocrx_word' id='word_1_118' title='bbox 784 1869 1057 1933; x_wconf 86' lang='lat' dir='ltr'><strong>formonsitatem.</strong></span> <span class='ocrx_word' id='word_1_119' title='bbox 1112 1871 1173 1933; x_wconf 92' lang='lat' dir='ltr'><strong>scd</strong></span> <span class='ocrx_word' id='word_1_120' title='bbox 1208 1872 1255 1933; x_wconf 92' lang='lat' dir='ltr'><strong>in-</strong></span> 
     </span>
     <span class='ocr_line' id='line_1_17' title="bbox 197 1972 1254 2055; baseline -0.001 -17"><span class='ocrx_word' id='word_1_121' title='bbox 197 1976 480 2040; x_wconf 86' lang='lat' dir='ltr'><strong>fortunatissimae</strong></span> <span class='ocrx_word' id='word_1_122' title='bbox 502 1975 588 2037; x_wconf 89' lang='lat' dir='ltr'><strong>filiae</strong></span> <span class='ocrx_word' id='word_1_123' title='bbox 607 1972 810 2037; x_wconf 91' lang='lat' dir='ltr'><strong>miserrimus</strong></span> <span class='ocrx_word' id='word_1_124' title='bbox 833 1984 937 2054; x_wconf 89' lang='lat' dir='ltr'><strong>pater,</strong></span> <span class='ocrx_word' id='word_1_125' title='bbox 955 1973 1155 2055; x_wconf 89' lang='lat' dir='ltr'><strong>suspectatis</strong></span> <span class='ocrx_word' id='word_1_126' title='bbox 1179 1996 1254 2038; x_wconf 89' lang='lat' dir='ltr'><strong>cae-</strong></span> 
     </span>
     <span class='ocr_line' id='line_1_18' title="bbox 198 2077 1253 2159; baseline -0.001 -17"><span class='ocrx_word' id='word_1_127' title='bbox 198 2078 334 2144; x_wconf 89' lang='lat' dir='ltr'><strong>lestibus</strong></span> <span class='ocrx_word' id='word_1_128' title='bbox 369 2080 453 2143; x_wconf 92' lang='lat' dir='ltr'><strong>odiis</strong></span> <span class='ocrx_word' id='word_1_129' title='bbox 482 2089 516 2142; x_wconf 89' lang='lat' dir='ltr'><strong>et</strong></span> <span class='ocrx_word' id='word_1_130' title='bbox 546 2077 614 2141; x_wconf 90' lang='lat' dir='ltr'><strong>irae</strong></span> <span class='ocrx_word' id='word_1_131' title='bbox 649 2097 806 2159; x_wconf 89' lang='lat' dir='ltr'><strong>superum</strong></span> <span class='ocrx_word' id='word_1_132' title='bbox 841 2087 1002 2154; x_wconf 68' lang='lat' dir='ltr'><strong>metuens</strong></span> <span class='ocrx_word' id='word_1_133' title='bbox 1035 2077 1088 2141; x_wconf 90' lang='lat' dir='ltr'><strong>dei</strong></span> <span class='ocrx_word' id='word_1_134' title='bbox 1126 2078 1253 2142; x_wconf 90' lang='lat' dir='ltr'><strong>Milesii</strong></span> 
     </span>
     <span class='ocr_line' id='line_1_19' title="bbox 198 2182 1252 2264; baseline 0 -18"><span class='ocrx_word' id='word_1_135' title='bbox 198 2184 460 2246; x_wconf 91' lang='lat' dir='ltr'><strong>uetustissimum</strong></span> <span class='ocrx_word' id='word_1_136' title='bbox 488 2190 702 2264; x_wconf 87' lang='lat' dir='ltr'><strong>percontatur</strong></span> <span class='ocrx_word' id='word_1_137' title='bbox 725 2182 904 2257; x_wconf 92' lang='lat' dir='ltr'><strong>oraculum,</strong></span> <span class='ocrx_word' id='word_1_138' title='bbox 931 2192 965 2245; x_wconf 90' lang='lat' dir='ltr'><strong>et</strong></span> <span class='ocrx_word' id='word_1_139' title='bbox 991 2191 1084 2246; x_wconf 91' lang='lat' dir='ltr'><strong>tanto</strong></span> <span class='ocrx_word' id='word_1_140' title='bbox 1111 2184 1252 2246; x_wconf 91' lang='lat' dir='ltr'><strong>numine</strong></span> 
     </span>
     <span class='ocr_line' id='line_1_20' title="bbox 198 2285 1252 2368; baseline -0.001 -17"><span class='ocrx_word' id='word_1_141' title='bbox 198 2288 351 2368; x_wconf 90' lang='lat' dir='ltr'><strong>precibus</strong></span> <span class='ocrx_word' id='word_1_142' title='bbox 379 2297 412 2350; x_wconf 90' lang='lat' dir='ltr'><strong>et</strong></span> <span class='ocrx_word' id='word_1_143' title='bbox 438 2286 581 2351; x_wconf 91' lang='lat' dir='ltr'><strong>uictimis</strong></span> <span class='ocrx_word' id='word_1_144' title='bbox 608 2286 759 2367; x_wconf 86' lang='lat' dir='ltr'><strong>ingratae</strong></span> <span class='ocrx_word' id='word_1_145' title='bbox 784 2285 906 2367; x_wconf 85' lang='lat' dir='ltr'><strong>uirgini</strong></span> <span class='ocrx_word' id='word_1_146' title='bbox 936 2287 1020 2368; x_wconf 91' lang='lat' dir='ltr'><strong>petit</strong></span> <span class='ocrx_word' id='word_1_147' title='bbox 1049 2287 1184 2367; x_wconf 89' lang='lat' dir='ltr'><strong>nuptias</strong></span> <span class='ocrx_word' id='word_1_148' title='bbox 1218 2299 1252 2350; x_wconf 88' lang='lat' dir='ltr'><strong>et</strong></span> 
     </span>
     <span class='ocr_line' id='line_1_21' title="bbox 145 2390 1251 2472; baseline 0 -18"><span class='ocrx_word' id='word_1_149' title='bbox 145 2422 174 2454; x_wconf 73' lang='grc' dir='ltr'>ω</span> <span class='ocrx_word' id='word_1_150' title='bbox 198 2392 361 2455; x_wconf 86' lang='lat' dir='ltr'><strong>maritum.</strong></span> <span class='ocrx_word' id='word_1_151' title='bbox 420 2391 479 2453; x_wconf 92' lang='lat' dir='ltr'><strong>sed</strong></span> <span class='ocrx_word' id='word_1_152' title='bbox 500 2390 633 2471; x_wconf 89' lang='lat' dir='ltr'><strong>Apollo,</strong></span> <span class='ocrx_word' id='word_1_153' title='bbox 657 2410 859 2472; x_wconf 91' lang='lat' dir='ltr'><strong>quamquam</strong></span> <span class='ocrx_word' id='word_1_154' title='bbox 884 2391 1032 2454; x_wconf 87' lang='lat' dir='ltr'><strong>Graecus</strong></span> <span class='ocrx_word' id='word_1_155' title='bbox 1055 2399 1088 2453; x_wconf 91' lang='lat' dir='ltr'><strong>et</strong></span> <span class='ocrx_word' id='word_1_156' title='bbox 1112 2390 1251 2454; x_wconf 89' lang='lat' dir='ltr'><strong>Ionicus</strong></span> 
     </span>
     <span class='ocr_line' id='line_1_22' title="bbox 198 2494 1250 2576; baseline -0.001 -18"><span class='ocrx_word' id='word_1_157' title='bbox 198 2504 334 2576; x_wconf 89' lang='lat' dir='ltr'><strong>propter</strong></span> <span class='ocrx_word' id='word_1_158' title='bbox 352 2495 503 2558; x_wconf 89' lang='lat' dir='ltr'><strong>Milesiae</strong></span> <span class='ocrx_word' id='word_1_159' title='bbox 519 2494 733 2569; x_wconf 87' lang='lat' dir='ltr'><strong>conditorem,</strong></span> <span class='ocrx_word' id='word_1_160' title='bbox 751 2495 797 2557; x_wconf 93' lang='lat' dir='ltr'><strong>sic</strong></span> <span class='ocrx_word' id='word_1_161' title='bbox 815 2494 936 2557; x_wconf 91' lang='lat' dir='ltr'><strong>Latina</strong></span> <span class='ocrx_word' id='word_1_162' title='bbox 952 2503 1039 2557; x_wconf 91' lang='lat' dir='ltr'><strong>sorte</strong></span> <span class='ocrx_word' id='word_1_163' title='bbox 1055 2494 1250 2575; x_wconf 90' lang='lat' dir='ltr'><strong>respondit:</strong></span> 
     </span>
    </p>
   </div>
   <div class='ocr_carea' id='block_1_3' title="bbox 144 2642 1176 3458">
    <p class='ocr_par' dir='ltr' id='par_1_3' title="bbox 198 2642 1025 2732">
     <span class='ocr_line' id='line_1_23' title="bbox 198 2642 1025 2732; baseline -0.002 -24"><span class='ocrx_word' id='word_1_164' title='bbox 198 2664 251 2722; x_wconf 77' lang='lat'><strong>33.</strong></span> <span class='ocrx_word' id='word_1_165' title='bbox 284 2645 399 2707; x_wconf 78' lang='lat' dir='ltr'><strong>montis</strong></span> <span class='ocrx_word' id='word_1_166' title='bbox 414 2643 451 2706; x_wconf 79' lang='lat' dir='ltr'><strong>ire</strong></span> <span class='ocrx_word' id='word_1_167' title='bbox 466 2642 582 2707; x_wconf 79' lang='lat' dir='ltr'><strong>eeeelei</strong></span> <span class='ocrx_word' id='word_1_168' title='bbox 596 2643 723 2732; x_wconf 78' lang='lat' dir='ltr'><strong>scopulo</strong></span> <span class='ocrx_word' id='word_1_169' title='bbox 740 2652 774 2706; x_wconf 81' lang='lat' dir='ltr'><strong>tu</strong></span> <span class='ocrx_word' id='word_1_170' title='bbox 791 2642 866 2705; x_wconf 78' lang='lat' dir='ltr'><strong>siste</strong></span> <span class='ocrx_word' id='word_1_171' title='bbox 878 2643 1025 2728; x_wconf 65' lang='lat' dir='ltr'><strong>portellam</strong></span> 
     </span>
    </p>

    <p class='ocr_par' dir='ltr' id='par_1_4' title="bbox 328 2745 1077 2841">
     <span class='ocr_line' id='line_1_24' title="bbox 328 2745 1077 2841; baseline -0.004 -31"><span class='ocrx_word' id='word_1_172' title='bbox 328 2756 474 2811; x_wconf 77' lang='lat' dir='ltr'><strong>ornatam</strong></span> <span class='ocrx_word' id='word_1_173' title='bbox 485 2747 610 2811; x_wconf 22' lang='lat' dir='ltr'><strong>*mundo</strong></span> <span class='ocrx_word' id='word_1_174' title='bbox 617 2747 755 2827; x_wconf 76' lang='lat' dir='ltr'><strong>funerei</strong></span> <span class='ocrx_word' id='word_1_175' title='bbox 769 2745 915 2810; x_wconf 73' lang='lat' dir='ltr'><strong>thalami.</strong></span> <span class='ocrx_word' id='word_1_176' title='bbox 1045 2813 1047 2817; x_wconf 52' lang='grc'>,</span> <span class='ocrx_word' id='word_1_177' title='bbox 1072 2831 1077 2841; x_wconf 30' lang='grc'>1</span> 
     </span>
    </p>

    <p class='ocr_par' dir='ltr' id='par_1_5' title="bbox 282 2849 1057 2937">
     <span class='ocr_line' id='line_1_25' title="bbox 282 2849 1057 2937; baseline -0.003 -22"><span class='ocrx_word' id='word_1_178' title='bbox 282 2874 340 2915; x_wconf 79' lang='lat' dir='ltr'><strong>nee</strong></span> <span class='ocrx_word' id='word_1_179' title='bbox 355 2873 462 2937; x_wconf 80' lang='lat' dir='ltr'><strong>speres</strong></span> <span class='ocrx_word' id='word_1_180' title='bbox 475 2873 628 2934; x_wconf 66' lang='lat' dir='ltr'><strong>perierunt</strong></span> <span class='ocrx_word' id='word_1_181' title='bbox 644 2849 774 2914; x_wconf 80' lang='lat' dir='ltr'><strong>mortali</strong></span> <span class='ocrx_word' id='word_1_182' title='bbox 789 2851 888 2936; x_wconf 76' lang='lat' dir='ltr'><strong>stirpe</strong></span> <span class='ocrx_word' id='word_1_183' title='bbox 906 2859 1057 2924; x_wconf 78' lang='lat' dir='ltr'><strong>creatum,</strong></span> 
     </span>
    </p>

    <p class='ocr_par' dir='ltr' id='par_1_6' title="bbox 144 2953 1157 3040">
     <span class='ocr_line' id='line_1_26' title="bbox 144 2953 1157 3040; baseline -0.01 -14"><span class='ocrx_word' id='word_1_184' title='bbox 144 2992 171 3039; x_wconf 81' lang='lat'><strong>25</strong></span> <span class='ocrx_word' id='word_1_185' title='bbox 327 2956 384 3020; x_wconf 76' lang='lat' dir='ltr'><strong>sed</strong></span> <span class='ocrx_word' id='word_1_186' title='bbox 399 2977 533 3019; x_wconf 82' lang='lat' dir='ltr'><strong>saeuum</strong></span> <span class='ocrx_word' id='word_1_187' title='bbox 548 2964 642 3040; x_wconf 83' lang='lat' dir='ltr'><strong>utque</strong></span> <span class='ocrx_word' id='word_1_188' title='bbox 654 2954 768 3034; x_wconf 76' lang='lat' dir='ltr'><strong>ferum</strong></span> <span class='ocrx_word' id='word_1_189' title='bbox 783 2953 1011 3040; x_wconf 80' lang='lat' dir='ltr'><strong>uipereumque</strong></span> <span class='ocrx_word' id='word_1_190' title='bbox 1027 2954 1157 3029; x_wconf 83' lang='lat' dir='ltr'><strong>mulum,</strong></span> 
     </span>
    </p>

    <p class='ocr_par' dir='ltr' id='par_1_7' title="bbox 284 3056 1176 3249">
     <span class='ocr_line' id='line_1_27' title="bbox 284 3056 1176 3147; baseline -0.006 -23"><span class='ocrx_word' id='word_1_191' title='bbox 284 3059 341 3146; x_wconf 82' lang='lat' dir='ltr'><strong>qui</strong></span> <span class='ocrx_word' id='word_1_192' title='bbox 349 3059 470 3147; x_wconf 71' lang='lat' dir='ltr'><strong>pennis</strong></span> <span class='ocrx_word' id='word_1_193' title='bbox 485 3059 628 3123; x_wconf 79' lang='lat' dir='ltr'><strong>uolitans</strong></span> <span class='ocrx_word' id='word_1_194' title='bbox 645 3080 742 3145; x_wconf 77' lang='lat' dir='ltr'><strong>super</strong></span> <span class='ocrx_word' id='word_1_195' title='bbox 758 3056 899 3133; x_wconf 73' lang='lat' dir='ltr'><strong>aethera,</strong></span> <span class='ocrx_word' id='word_1_196' title='bbox 916 3067 1030 3121; x_wconf 79' lang='lat' dir='ltr'><strong>cuneta</strong></span> <span class='ocrx_word' id='word_1_197' title='bbox 1037 3056 1176 3139; x_wconf 62' lang='lat' dir='ltr'><strong>folleat,</strong></span> 
     </span>
     <span class='ocr_line' id='line_1_28' title="bbox 326 3161 989 3249; baseline -0.006 -22"><span class='ocrx_word' id='word_1_198' title='bbox 326 3163 523 3249; x_wconf 80' lang='lat' dir='ltr'><strong>flammaque</strong></span> <span class='ocrx_word' id='word_1_199' title='bbox 540 3161 671 3243; x_wconf 78' lang='lat' dir='ltr'><strong>elferro</strong></span> <span class='ocrx_word' id='word_1_200' title='bbox 688 3162 817 3245; x_wconf 58' lang='lat' dir='ltr'><strong>singula</strong></span> <span class='ocrx_word' id='word_1_201' title='bbox 834 3161 989 3225; x_wconf 80' lang='lat' dir='ltr'><strong>debilitat.</strong></span> 
     </span>
    </p>

    <p class='ocr_par' dir='ltr' id='par_1_8' title="bbox 283 3265 1134 3458">
     <span class='ocr_line' id='line_1_29' title="bbox 283 3265 1134 3353; baseline -0.005 -22"><span class='ocrx_word' id='word_1_202' title='bbox 283 3269 337 3332; x_wconf 82' lang='lat' dir='ltr'><strong>eui</strong></span> <span class='ocrx_word' id='word_1_203' title='bbox 352 3268 459 3331; x_wconf 81' lang='lat' dir='ltr'><strong>tremit</strong></span> <span class='ocrx_word' id='word_1_204' title='bbox 474 3267 543 3353; x_wconf 78' lang='lat' dir='ltr'><strong>ipse</strong></span> <span class='ocrx_word' id='word_1_205' title='bbox 558 3267 660 3341; x_wconf 78' lang='lat' dir='ltr'><strong>Iouis,</strong></span> <span class='ocrx_word' id='word_1_206' title='bbox 678 3288 737 3352; x_wconf 84' lang='lat' dir='ltr'><strong>quo</strong></span> <span class='ocrx_word' id='word_1_207' title='bbox 753 3266 889 3329; x_wconf 80' lang='lat' dir='ltr'><strong>numina</strong></span> <span class='ocrx_word' id='word_1_208' title='bbox 905 3265 1134 3350; x_wconf 74' lang='lat' dir='ltr'><strong>terrificantur,</strong></span> 
     </span>
     <span class='ocr_line' id='line_1_30' title="bbox 326 3368 1103 3458; baseline -0.006 -23"><span class='ocrx_word' id='word_1_209' title='bbox 326 3371 533 3458; x_wconf 81' lang='lat' dir='ltr'><strong>fluminaque</strong></span> <span class='ocrx_word' id='word_1_210' title='bbox 550 3370 734 3434; x_wconf 76' lang='lat' dir='ltr'><strong>horrescunt</strong></span> <span class='ocrx_word' id='word_1_211' title='bbox 751 3379 781 3433; x_wconf 78' lang='lat' dir='ltr'><strong>et</strong></span> <span class='ocrx_word' id='word_1_212' title='bbox 797 3368 930 3453; x_wconf 68' lang='lat' dir='ltr'><strong>Stypiee</strong></span> <span class='ocrx_word' id='word_1_213' title='bbox 947 3369 1103 3432; x_wconf 78' lang='lat' dir='ltr'><strong>tenebrae.</strong></span> 
     </span>
    </p>
   </div>
   <div class='ocr_carea' id='block_1_4' title="bbox 143 3530 1250 3722">
    <p class='ocr_par' dir='ltr' id='par_1_9' title="bbox 143 3530 1250 3722">
     <span class='ocr_line' id='line_1_31' title="bbox 143 3530 1247 3613; baseline -0.005 -15"><span class='ocrx_word' id='word_1_214' title='bbox 143 3567 173 3613; x_wconf 61' lang='grc' dir='ltr'><strong><em>φ</em></strong></span> <span class='ocrx_word' id='word_1_215' title='bbox 196 3555 253 3600; x_wconf 87' lang='lat' dir='ltr'><strong>rex</strong></span> <span class='ocrx_word' id='word_1_216' title='bbox 276 3535 354 3599; x_wconf 94' lang='lat' dir='ltr'><strong>olim</strong></span> <span class='ocrx_word' id='word_1_217' title='bbox 377 3534 503 3609; x_wconf 92' lang='lat' dir='ltr'><strong>beatus,</strong></span> <span class='ocrx_word' id='word_1_218' title='bbox 529 3534 635 3596; x_wconf 84' lang='lat' dir='ltr'><strong>affatu</strong></span> <span class='ocrx_word' id='word_1_219' title='bbox 662 3541 798 3596; x_wconf 89' lang='lat' dir='ltr'><strong>sanctae</strong></span> <span class='ocrx_word' id='word_1_220' title='bbox 825 3530 1070 3594; x_wconf 89' lang='lat' dir='ltr'><strong>uaticinationis</strong></span> <span class='ocrx_word' id='word_1_221' title='bbox 1098 3540 1247 3610; x_wconf 86' lang='lat' dir='ltr'><strong>accept0,</strong></span> 
     </span>
     <span class='ocr_line' id='line_1_32' title="bbox 197 3633 1250 3722; baseline -0.006 -21"><span class='ocrx_word' id='word_1_222' title='bbox 197 3641 315 3722; x_wconf 77' lang='lat' dir='ltr'><strong>pigens</strong></span> <span class='ocrx_word' id='word_1_223' title='bbox 338 3639 506 3721; x_wconf 89' lang='lat' dir='ltr'><strong>tristisque</strong></span> <span class='ocrx_word' id='word_1_224' title='bbox 530 3648 617 3701; x_wconf 90' lang='lat' dir='ltr'><strong>retro</strong></span> <span class='ocrx_word' id='word_1_225' title='bbox 641 3637 776 3700; x_wconf 92' lang='lat' dir='ltr'><strong>domum</strong></span> <span class='ocrx_word' id='word_1_226' title='bbox 800 3636 918 3718; x_wconf 86' lang='lat' dir='ltr'><strong>pergit,</strong></span> <span class='ocrx_word' id='word_1_227' title='bbox 943 3654 1089 3717; x_wconf 89' lang='lat' dir='ltr'><strong>suaeque</strong></span> <span class='ocrx_word' id='word_1_228' title='bbox 1112 3633 1250 3715; x_wconf 85' lang='lat' dir='ltr'><strong>coniugi</strong></span> 
     </span>
    </p>
   </div>
   <div class='ocr_carea' id='block_1_5' title="bbox 0 0 1346 4094">
    <p class='ocr_par' dir='ltr' id='par_1_10' title="bbox 0 0 1346 4094">
     <span class='ocr_line' id='line_1_33' title="bbox 0 0 1346 4094; baseline 0 3"><span class='ocrx_word' id='word_1_229' title='bbox 0 0 1346 4094; x_wconf 95' lang='lat' dir='ltr'><strong> </strong></span> 
     </span>
    </p>
   </div>
  </div>
 </body>
</html>
