2684 4094
584 286 754 337 navamus
1126 293 1130 300 ·
1166 278 1225 357 169

170 454 331 528 quantum
351 444 492 508 maxime
511 444 619 526 potuit
639 443 812 519 exclamat,
839 444 1002 520 ‘tandem
1027 445 1147 507 ancilla
1171 465 1224 507 ne-

170 547 337 631 quissima,
362 548 531 610 dominam
555 546 679 610 habere
704 557 738 610 te
762 547 846 610 scire
873 547 1035 629 coepisti?
1092 568 1135 610 an
1164 570 1223 630 pro

170 662 280 716 cetera
305 672 434 715 morum
462 661 594 714 tuorum
618 651 805 713 temeritate
828 651 917 714 istud
941 672 1072 734 quoque
1096 653 1224 716 nescire

169 767 203 819 te
224 756 332 838 fingis,
355 765 498 838 quantos
519 754 650 819 labores
669 755 757 818 circa
779 765 855 818 tuas
876 754 1107 838 inquisitiones
1131 757 1225 819 susti-

131 860 361 937 5nuerimus?
418 859 477 922 sed
507 859 593 922 bene
624 859 713 941 quod
744 879 837 922 meas
868 860 1076 940 potissimum
1105 881 1223 926 manus

170 963 321 1040 incidisti,
354 973 388 1027 et
417 963 504 1027 inter
535 962 615 1027 Orci
642 983 781 1026 cancros
812 962 877 1025 iam
908 963 1000 1046 ipsos
1031 965 1222 1041 adhaesisti,

170 1068 288 1131 datura
321 1067 446 1131 scilicet
480 1077 628 1130 actutum
663 1076 777 1130 tantae
811 1067 1040 1131 contumaciae
1076 1068 1222 1150 poenas’

99 1183 102 1189 ‘
170 1192 203 1252 9.
228 1181 262 1236 et
284 1171 454 1236 audaciter
474 1171 508 1234 in
528 1171 665 1253 capillos
684 1172 755 1234 eius
775 1171 923 1234 immissa
946 1192 1047 1234 manu
1071 1173 1225 1236 trahebat

170 1296 245 1339 eam
275 1296 487 1359 nequaquam
518 1274 726 1338 renitentem.
786 1296 885 1358 quam
917 1275 973 1338 ubi
1004 1276 1148 1357 primum
1179 1276 1225 1339 in-

119 1410 148 1444 10
171 1381 304 1443 ductam
332 1379 544 1462 oblatamque
572 1378 634 1441 sibi
660 1379 833 1461 conspexit
856 1380 980 1455 Venus,
1006 1379 1223 1443 laetissimum

171 1483 371 1548 cachinnum
395 1483 531 1559 extollit,
554 1493 588 1546 et
613 1483 745 1565 qualem
770 1483 878 1546 solent
901 1483 1116 1565 frequentare
1140 1484 1223 1560 irati,

171 1598 338 1671 caputque
361 1587 514 1671 quatiens
537 1597 571 1650 et
594 1587 769 1669 ascalpens
793 1607 907 1650 aurem
934 1587 1113 1663 dexteram,
1139 1594 1226 1651 ‘tan-

171 1692 267 1768 dem,'
292 1691 408 1774 inquit,
434 1691 591 1773 ‘dignata
613 1711 650 1753 es
678 1711 809 1754 socrum
837 1701 929 1753 tuam
957 1691 1125 1755 salutare?
1181 1713 1225 1755 an

172 1795 282 1877 potius
305 1795 460 1858 maritum
484 1795 541 1879 qui
564 1805 622 1858 tuo
645 1795 783 1858 uulnere
808 1794 1012 1876 periclitatur
1031 1795 1226 1859 interuisere

120 1926 147 1976 ις
172 1899 313 1973 uenisti?
358 1900 417 1962 sed
433 1909 505 1963 esto
522 1919 659 1975 secura;
683 1898 749 1960 iam
774 1899 861 1961 enim
884 1898 1045 1980 excipiam
1065 1909 1098 1963 te
1118 1910 1154 1963 ut
1172 1901 1226 1963 bo

171 2023 249 2065 nam
266 2023 385 2065 nurum
402 2003 582 2067 condecet)
625 2012 667 2078 et,
683 2003 756 2065 ‘ubi
771 2001 869 2078 sunt,’
883 2003 998 2085 inquit,
1015 2003 1226 2068 ‘Sollicitudo

172 2116 272 2189 atque
302 2106 475 2182 Tristities,
504 2106 645 2170 ancillae
676 2104 812 2169 meae?'
860 2106 980 2189 quibus
1011 2107 1226 2171 introuocatis

172 2210 391 2293 torquendam
407 2210 543 2274 tradidit
559 2231 642 2273 eam.
690 2220 724 2273 at
739 2210 814 2273 illae
835 2221 1013 2292 sequentes
1033 2211 1112 2273 erile
1135 2233 1227 2293 prae·

172 2325 307 2396 ceptum
336 2315 489 2399 Psychen
512 2315 674 2377 misellam
699 2314 839 2395 flagellis
864 2314 1020 2376 afflictam
1047 2325 1080 2377 et
1107 2316 1226 2378 ceteris

119 2452 149 2483 ω
171 2418 344 2482 tormentis
371 2419 593 2482 excruciatam
616 2418 736 2480 iterum
760 2418 914 2481 dominae
938 2419 1133 2500 conspectui
1156 2420 1227 2482 red·

172 2523 264 2598 dunt.

214 2637 295 2690 tunc
322 2648 436 2691 rursus
463 2627 593 2690 sublato
625 2627 692 2690 risu
723 2628 849 2701 Venus,
880 2632 950 2689 ‘set
977 2624 1075 2703 ecce,'
1109 2627 1224 2709 inquit,

173 2731 287 2794 ‘nobis
313 2732 437 2814 turgidi
463 2731 590 2794 uentris
617 2731 668 2794 sui
695 2731 858 2794 lenocinio
883 2740 1072 2793 commouet
1095 2732 1226 2794 misera-

171 2836 305 2912 tionem,
323 2836 411 2898 unde
427 2855 480 2898 me
497 2835 668 2917 praeclara
687 2835 801 2897 sobole
818 2834 926 2896 auiam
949 2832 1082 2896 beatam
1102 2835 1226 2898 scilicet

120 2969 148 3016 ος
172 2939 281 3002 faciet.
330 2939 409 3002 felix
429 2960 509 3002 uero
529 2959 602 3021 ego,
624 2959 709 3022 quae
731 2939 764 3000 in
786 2938 859 3019 ipso
885 2939 1003 3000 aetatis
1027 2958 1122 3002 meae
1145 2939 1225 3002 flore

172 3042 318 3106 uocabor
327 3043 411 3107 auia.
451 3054 485 3107 et
494 3043 569 3106 uilis
580 3043 719 3106 ancillae
731 3043 817 3104 filius
830 3062 936 3123 nepos
947 3042 1089 3104 Veneris
1103 3043 1223 3118 audiet,

173 3168 374 3230 quamquam
401 3148 516 3229 inepta
543 3168 606 3229 ego
630 3147 754 3209 frustra
778 3146 880 3208 filium
906 3145 1023 3208 dicam.
1080 3146 1224 3228 impares

172 3252 260 3315 enim
277 3252 422 3334 nuptiae,
440 3263 473 3315 et
490 3261 662 3334 praeterea
679 3251 711 3312 in
729 3251 807 3313 uilla
824 3249 896 3312 sine
914 3248 1056 3312 testibus
1075 3260 1108 3312 et
1130 3260 1224 3331 patre

172 3376 239 3419 non
263 3356 492 3420 consentiente
516 3357 636 3430 factae,
661 3355 829 3436 legitimae
853 3374 920 3415 non
944 3363 1084 3434 possunt
1108 3353 1223 3430 uideri,

119 3489 149 3535 30
172 3480 210 3523 ac
232 3481 292 3542 per
310 3461 373 3523 hoc
395 3459 526 3542 spurius
548 3459 609 3522 iste
631 3468 795 3532 nascetur,
815 3457 842 3519 si
865 3467 977 3520 tamen
1003 3467 1134 3538 partum
1159 3479 1225 3520 om-

172 3563 251 3641 nino
282 3565 431 3646 perferre
461 3574 494 3627 te
529 3563 713 3645 patiemur.'
793 3580 842 3626 10.
878 3561 929 3623 his
960 3562 1065 3636 editis,
1098 3562 1224 3626 inuolat

172 3689 246 3732 eam
263 3678 457 3751 uestemque
476 3667 683 3750 plurifariam
703 3665 861 3741 diloricat,
879 3665 1066 3747 capilloque
1086 3665 1224 3728 discisso
