2684 4094
131 241 189 302 108
390 249 600 300 FRAGMENTS
623 250 668 300 or
692 250 817 300 nonan
841 250 966 299 snrrne

179 404 211 472 by
226 421 243 456 o
260 404 328 471 tipsy
341 404 434 471 speech
452 404 611 473 concerninq
628 404 668 456 liis
685 421 743 457 own
760 405 864 472 history,
873 405 976 473 finally
992 404 1175 474 comnrandinq
1190 404 1232 456 lo

178 491 295 560 farnerol
307 499 331 543 to
343 491 372 543 be
385 492 459 542 mode
472 493 555 559 ready
567 509 597 543 os
610 492 703 560 lbouql
717 492 748 543 lie
761 509 826 543 were
839 493 917 543 deod.
954 490 1008 543 The
1020 492 1232 561 accompanyiny

180 594 279 646 uproor
291 577 314 629 is
325 594 354 630 so
365 587 441 647 qreot
455 580 509 630 thar
524 579 564 630 tlre
580 578 750 648 neiyliboriny
765 579 989 647 niqll-watcimen
1006 579 1079 630 think
1094 580 1134 630 tle
1150 580 1231 631 house

179 665 251 717 ison
260 665 323 733 stre,
337 667 393 717 and
407 665 486 717 break
503 665 531 716 in
548 665 589 717 tlte
605 666 683 717 deors
689 682 699 729 ;
720 667 776 718 ond
792 666 820 717 in
838 667 878 717 tie
894 665 1021 734 resultinq
1034 665 1172 734 confusion
1189 667 1231 718 the

179 753 249 804 three
259 751 377 820 friends,
392 752 451 803 witi
465 752 504 804 tle
517 752 676 805 rhetorician
689 751 880 822 Aqomemnon,
893 753 969 805 mulce
982 753 1048 805 their
1059 769 1161 821 escape.

222 940 277 1001 75.
303 933 379 1005 post
402 923 465 987 hoc
489 923 617 987 fulmen
635 923 812 987 Habinnas
831 944 948 1005 rogare
967 923 1086 1006 coepit,
1104 933 1141 986 ut
1163 923 1231 986 iam

179 1025 347 1089 desineret
367 1026 465 1090 irasci
486 1036 519 1090 et
539 1029 673 1090 ‘nemo'
694 1027 801 1110 inquit
822 1033 990 1091 ‘nostrum
1011 1048 1078 1090 non
1100 1037 1229 1109 peccat.

179 1129 332 1194 homines
353 1151 476 1207 sumus,
494 1152 561 1194 non
581 1130 654 1194 dei’
701 1130 789 1194 idem
812 1141 845 1194 et
869 1131 1019 1196 Scintilla
1042 1131 1126 1195 flens
1149 1130 1232 1194 dixit

179 1254 218 1296 ae
241 1254 301 1315 per
324 1234 459 1316 genium
480 1235 552 1298 eius
569 1235 688 1298 Gaium
705 1235 905 1317 appellando
922 1256 1039 1317 rogare
1056 1235 1174 1317 eoepit,
1193 1245 1232 1299 ut

140 1367 154 1414 5
179 1357 214 1400 se
237 1338 417 1419 frangeret.
465 1359 533 1401 non
556 1338 663 1402 tenuit
685 1339 771 1401 ultra
796 1339 948 1402 lacrimas
971 1338 1172 1401 Trimalchio
1196 1349 1231 1402 et

180 1441 292 1523 ‘rogo’
309 1441 416 1523 inquit
439 1442 624 1518 ‘Habinna
643 1442 689 1505 sic
713 1442 879 1524 peculium
901 1453 995 1506 tuum
1018 1442 1230 1506 fruniscaris:

178 1545 207 1608 si
222 1545 301 1627 quid
318 1565 494 1628 perperam
511 1546 585 1622 feci,
603 1546 636 1608 in
653 1546 773 1609 faciem
790 1566 898 1609 meam
914 1546 1041 1628 inspue.
1087 1566 1231 1627 puerum

177 1648 307 1712 basiaui
333 1649 604 1731 frugalissimum,
633 1671 701 1712 non
728 1659 866 1732 propter
892 1651 1044 1725 formam,
1069 1650 1128 1712 sed
1152 1649 1231 1731 quia

178 1753 269 1834 frugi
295 1762 364 1816 est:
396 1753 512 1816 decem
540 1763 654 1834 partes
680 1754 767 1830 dicit,
796 1754 916 1816 librum
943 1754 985 1817 ab
1012 1754 1110 1817 oculo
1136 1752 1229 1835 legit,

126 1884 154 1917 ιο
177 1856 362 1919 thraecium
379 1856 441 1919 sibi
460 1857 501 1919 de
517 1856 629 1920 diariis
652 1857 742 1933 fecit,
761 1857 982 1920 archisellium
998 1858 1040 1921 de
1057 1878 1118 1920 suo
1136 1878 1231 1939 para·

178 1959 225 2022 uit
252 1969 286 2023 et
312 1960 396 2023 duas
426 1960 550 2023 trullas
598 1981 666 2023 non
697 1971 748 2024 est
778 1961 900 2042 dignus
929 1982 1029 2044 quem
1059 1961 1093 2023 in
1124 1961 1230 2025 oculis

178 2064 305 2127 feram?
351 2064 410 2127 sed
442 2065 627 2127 Fortunata
657 2075 757 2129 uetat.
805 2065 850 2127 ita
880 2064 940 2127 tibi
969 2064 1108 2140 uidetur,
1137 2064 1230 2127 fulci-

178 2167 296 2249 pedia?
342 2168 476 2244 suadeo,
500 2168 625 2231 bonum
648 2177 743 2230 tuum
765 2189 964 2250 concoquas,
989 2168 1098 2244 milua,
1118 2178 1152 2231 et
1175 2188 1229 2231 me

177 2293 245 2335 non
268 2271 373 2335 facias
396 2271 592 2354 tingentem,
615 2271 859 2335 amasiuncula:
884 2272 1029 2354 alioquin
1050 2271 1230 2354 experieris

126 2405 152 2450 ις
177 2376 349 2439 cerebrum
366 2395 485 2438 meum.
526 2375 614 2439 nosti
629 2396 699 2439 me:
723 2376 812 2458 quod
829 2377 932 2439 semel
947 2375 1119 2452 destinaui,
1132 2376 1229 2457 clauo

176 2479 319 2542 tabulari
349 2480 450 2541 fixum
478 2489 537 2542 est.
589 2480 648 2542 sed
679 2479 829 2542 uiuorum
861 2479 1116 2543 meminerimus
1167 2500 1229 2543 uos

177 2602 268 2665 rogo,
286 2582 392 2659 amici,
410 2592 447 2645 ut
462 2583 558 2646 uobis
577 2583 724 2646 suauiter
740 2584 789 2646 sit.
837 2604 915 2646 nam
931 2604 995 2664 ego
1012 2603 1143 2665 quoque
1159 2593 1228 2646 tam

177 2687 227 2749 fui
253 2707 353 2769 quam
380 2706 441 2749 uos
468 2687 556 2763 estis,
584 2686 642 2750 sed
669 2687 791 2750 uirtute
818 2707 892 2750 mea
919 2688 961 2750 ad
989 2688 1051 2750 hoc
1079 2686 1226 2768 perueni.

177 2790 346 2854 corcillum
369 2801 420 2854 est
444 2791 532 2872 quod
556 2790 707 2854 homines
730 2791 819 2866 facit,
837 2801 948 2855 cetera
970 2790 1146 2873 quisquilia
1162 2811 1229 2854 om·

125 2896 153 2950 26
177 2894 240 2957 nia.
289 2894 401 2957 “bene
425 2891 508 2969 emo,
529 2895 615 2958 bene
638 2896 791 2972 uendo'';
817 2895 900 2958 alius
924 2895 987 2957 alia
1011 2895 1106 2958 uobis
1129 2894 1226 2958 dicet.

176 2998 336 3062 felicitate
357 2998 503 3061 dissilio.·
537 3007 573 3061 tu
590 3008 711 3075 autem,
729 2998 872 3075 sterteia,
890 2999 1071 3062 etiamnum
1092 2998 1227 3080 ploras?

176 3102 242 3164 iam
265 3102 397 3178 curabo,
421 3103 528 3165 fatum
551 3113 645 3167 tuum
669 3103 787 3185 plores.
835 3104 902 3179 sed,
925 3113 962 3166 ut
984 3123 1160 3185 coeperam
1183 3101 1229 3164 di-

176 3225 260 3282 cere,
274 3206 317 3268 ad
330 3207 416 3270 hanc
429 3226 483 3269 me
494 3207 664 3286 fortunam
678 3207 853 3288 frugalitas
866 3227 940 3269 mea
952 3206 1113 3287 perduxit.
1157 3215 1228 3268 tam

178 3330 319 3391 magnus
343 3330 384 3373 ex
407 3310 491 3373 Asia
515 3311 602 3388 ueni,
627 3332 727 3393 quam
752 3311 805 3374 hic
830 3311 1049 3374 candelabrus
1074 3320 1133 3373 est.
1184 3310 1227 3373 ad

123 3442 151 3489 ας
177 3435 349 3491 summam,
368 3413 514 3496 quotidie
530 3435 583 3477 me
600 3415 747 3478 solebam
764 3415 806 3477 ad
826 3414 918 3477 illum
937 3414 1054 3490 metiri,
1071 3423 1104 3477 et
1123 3423 1159 3476 ut
1178 3432 1229 3477 ce·
1258 3436 1260 3441 ’

176 3518 275 3582 lerius
289 3515 431 3581 rostrum
444 3518 619 3581 barbatum
632 3519 800 3594 haberem,
814 3519 906 3582 labra
918 3519 959 3581 de
975 3518 1110 3582 lucerna
1126 3535 1229 3599 unge-

176 3622 261 3685 bam.
301 3631 413 3685 tamen
430 3622 472 3686 ad
488 3621 624 3686 delicias
641 3618 801 3708 [femina]
818 3621 929 3704 ipsimi
944 3619 1104 3707 [domini]
1120 3641 1227 3685 annos
