2684 4094
119 203 159 285 56
379 208 588 284 FRAGMENTS
610 208 656 256 OF
678 207 804 256 ROMAN
827 207 953 255 SATIRE

345 362 400 414 Tre
413 362 486 429 early
499 361 616 413 Romana
628 361 725 413 ahooed
736 361 797 429 only
809 378 872 413 once
885 378 903 413 o
916 361 992 413 woek.

116 497 170 563 77.
247 478 401 561 quotiens
426 476 554 557 priscus
580 476 679 539 homo
704 496 742 540 ac
767 475 908 539 rusticus
934 477 1106 541 Romanus
1131 477 1219 539 inter

203 582 386 646 nundinum
403 579 539 642 barbam
555 579 715 641 radebat?
792 642 795 645 ,
1007 608 1080 658 Non.
1095 620 1156 671 214¹
1174 621 1216 671 24·

134 785 186 839 Hir
200 782 362 836 industrious
376 780 436 849 wise
449 798 525 849 spon,
539 782 594 832 aad
607 780 724 833 watched
737 781 777 833 tte
790 781 887 832 dinner
898 780 1066 850 osporridqe
1078 780 1200 849 ooolcinq,

117 904 171 982 78.
247 898 306 960 sed
319 897 414 959 simul
428 897 580 959 manibus
592 897 723 960 trahere
736 896 856 971 lanam,
870 917 932 960 nec
948 917 1014 959 non
1032 897 1129 958 simul
1143 918 1219 959 ocu-

204 1004 243 1066 lis
260 1002 436 1065 obseruare
454 1002 552 1063 ollam
570 1001 670 1082 pultis
686 1021 729 1065 ne
745 1001 911 1063 aduratur.
1029 1029 1102 1080 Non,
1118 1042 1131 1095 5
1134 1041 1178 1094 43·
1194 1042 1217 1094 7,

224 1202 291 1254 Ano
303 1219 356 1253 war
368 1210 469 1253 content
483 1201 540 1253 with
554 1219 571 1254 o
579 1203 704 1270 pleorure
717 1202 790 1255 drioe
803 1219 865 1254 once
878 1220 908 1254 or
920 1201 992 1254 twice
1006 1219 1023 1254 o
1035 1218 1105 1270 year.

117 1338 170 1402 79.
248 1318 431 1382 uehebatur
448 1337 523 1380 cum
543 1338 644 1381 uxore
665 1318 819 1381 uehiculo
841 1317 944 1380 semel
965 1328 1022 1381 aut
1043 1317 1093 1380 bis
1116 1339 1216 1393 anno,

203 1443 279 1487 cum
297 1427 462 1484 ‘arceram
480 1421 507 1483 si
523 1442 590 1484 non
607 1421 708 1485 uellet
723 1443 790 1485 non
808 1424 990 1486 sterneret.'
1039 1465 1114 1516 Non.
1130 1478 1173 1532 53·
1190 1479 1216 1516 2·

230 1622 321 1675 Slooes
335 1638 399 1672 were
410 1620 528 1688 satisfieri
539 1621 599 1674 wito
612 1622 708 1674 modest
714 1622 780 1691 sore
793 1623 848 1674 ond
861 1622 1102 1675 accommodatione.

116 1743 170 1810 80.
247 1737 334 1800 uilici
349 1737 439 1820 quod
456 1757 545 1801 nunc
564 1738 644 1801 satis
664 1738 726 1801 sibi
744 1738 799 1802 uix
816 1748 936 1821 putant
954 1739 1081 1802 lautum
1101 1735 1218 1822 [habe-

202 1841 314 1928 bant]
1008 1871 1083 1922 Non.
1097 1882 1159 1937 337.
1177 1885 1217 1920 12.

399 1942 471 1994 Thea
484 1942 595 2011 reliqion
608 1943 664 1995 ond
675 1944 769 2012 purity
781 1944 842 1996 held
853 1961 934 2012 away.

116 2064 170 2131 81.
203 2081 283 2142 ergo
299 2070 369 2123 tum
387 2079 480 2122 sacra
496 2059 633 2140 relligio,
651 2069 829 2142 castaeque
845 2061 981 2123 fuerunt

203 2185 257 2229 res
272 2183 406 2240 omnes3
432 2212 438 2225 .
465 2212 470 2225 .
497 2213 503 2225 .
980 2243 983 2249 ι
1021 2192 1096 2244 Non.
1111 2189 1172 2256 257·
1189 2205 1214 2258 5,

346 2363 500 2433 Nowodoys
512 2365 597 2416 slaves
609 2365 661 2417 riae
674 2365 779 2434 oyoinst
791 2365 858 2417 their
869 2374 985 2418 masters.

116 2485 170 2555 82.
246 2492 356 2550 utrum
376 2472 462 2543 oculi
481 2480 562 2542 mihi
583 2481 787 2545 caecuttiunt
808 2503 850 2544 an
872 2502 935 2563 ego
956 2481 1024 2544 uidi
1046 2501 1160 2544 seruos
1181 2481 1214 2543 in

203 2586 303 2651 armis
319 2594 434 2648 contra
450 2584 627 2648 dominos?
1030 2614 1103 2664 Non.
1117 2611 1158 2663 86.
1176 2625 1215 2662 Η,

122 2787 215 2846 Woere
234 2788 274 2839 tlte
289 2786 369 2854 pride
384 2784 419 2853 os
432 2785 471 2836 tlte
481 2784 558 2854 form
572 2787 637 2837 ared
649 2794 673 2838 to
690 2786 718 2838 be
735 2787 776 2838 tlte
792 2795 866 2855 yreot
878 2786 1027 2855 yronorz’ea
1039 2767 1096 2837 'ond
1114 2786 1215 2847 cellars,

539 2873 595 2925 aad
607 2872 791 2941 wine-pressea,

117 2992 169 3072 83.
203 2990 256 3054 uel
273 2990 388 3052 decem
406 2987 529 3051 mensr's
545 2989 602 3052 ubi
618 3010 685 3051 una
701 2989 853 3071 saepiant
869 2987 1031 3070 granaria,

1030 3093 1103 3143 Non.
1117 3104 1159 3156 47.
1176 3102 1212 3154 17.

117 3175 169 3256 84.
204 3172 309 3236 utneis
325 3170 382 3233 ubi
398 3168 509 3253 ampla
525 3172 609 3235 cella
625 3169 788 3235 torculum
804 3170 1014 3253 respondeat.
1029 3259 1055 3309 N

1058 3272 1102 3309 on.
1116 3270 1158 3321 47.
1173 3269 1210 3307 21.

379 3371 448 3424 Now
461 3372 480 3423 it
493 3372 515 3424 is
525 3372 615 3441 flocks
628 3372 663 3442 of
669 3372 803 3441 caprosiae
815 3373 954 3440 peococloe,

116 3491 171 3580 Q.
204 3487 260 3554 tbi
276 3508 396 3570 graues
412 3486 593 3569 pascantur
608 3498 708 3570 atque
724 3486 854 3550 alantur
869 3486 1037 3570 pauonr'rm
1054 3508 1184 3569 gregeS.

870 3593 943 3644 Non.
957 3604 1016 3660 3¹4·
1034 3603 1079 3656 ¹53
1099 3603 1159 3656 440.
1176 3603 1215 3640 11.
