2684 4094
462 283 656 333 PE'rRONle
679 285 762 332 ARBI
771 285 832 332 TER
1157 293 1201 357 99

146 444 212 503 iam
236 441 360 502 dudum
385 441 489 521 pedes
512 449 644 503 nostros
666 451 699 504 et
718 441 910 504 missionem
934 442 1081 523 rogabat.
1129 463 1200 525 pes·

109 576 115 583 ·
146 543 229 606 sime
253 544 334 605 mihi
357 552 437 620 etat,
462 565 504 607 ne
533 544 583 606 his
612 544 766 625 precibus
794 565 853 626 per
877 545 1051 608 ridiculum
1075 546 1199 628 aliquid

146 649 360 729 catastropha
391 657 614 730 quaereretur.
676 669 737 711 nec
769 648 857 710 enim
892 649 1001 711 adhuc
1032 650 1200 714 exciderat

147 771 246 814 cocus
269 752 333 827 ille,
352 752 407 833 qui
424 751 544 814 oblitus
565 753 677 814 iuerat
693 773 830 833 porcum
847 753 1040 815 exinterare.
1088 753 1199 835 itaque

107 885 122 931 ς
146 864 253 917 totum
279 856 533 936 circumspicere
559 855 737 918 triclinium
763 856 867 938 coepi,
888 877 930 919 ne
955 877 1015 938 per
1038 858 1199 938 parietem

146 968 350 1021 automatum
375 959 509 1041 aliquod
532 959 643 1034 exiret,
662 959 776 1041 utique
800 969 977 1042 postquam
997 981 1113 1023 seruus
1130 981 1199 1024 uer·

145 1062 253 1125 berari
269 1063 387 1144 coepit,
401 1063 458 1145 qui
473 1063 646 1127 brachium
662 1063 788 1127 domini
804 1074 979 1126 contusum
995 1064 1072 1127 alba
1087 1064 1198 1146 potius

147 1186 246 1247 quam
263 1167 473 1252 conchyliata
491 1167 677 1231 inuoluerat
698 1168 782 1230 lana.
830 1188 892 1231 nec
914 1168 1013 1249 longe
1033 1168 1198 1232 aberrauit

147 1270 292 1353 suspicio
318 1291 409 1347 mea;
442 1271 475 1333 in
503 1271 610 1334 uicem
638 1271 726 1334 enim
755 1292 884 1353 poenae
909 1272 1001 1335 uenit
1027 1272 1197 1334 decretum

96 1405 123 1437 10
146 1375 410 1450 Trimalchionis
428 1396 494 1457 quo
518 1396 659 1455 puerum
683 1375 777 1438 iussit
800 1375 940 1438 liberum
959 1396 1042 1451 esse,
1060 1396 1103 1438 ne
1124 1375 1198 1458 quis

146 1488 259 1560 posset
275 1478 394 1554 dicere,
411 1487 541 1541 tantum
558 1480 665 1541 uirum
682 1499 756 1542 esse
772 1500 791 1541 a
808 1499 905 1541 seruo
921 1479 1140 1542 uulneratum.

190 1599 244 1661 55.
270 1582 526 1663 comprobamus
551 1603 612 1645 nos
637 1583 763 1646 iactum
786 1593 820 1646 et
843 1604 944 1664 quam
967 1583 1000 1644 in
1024 1583 1198 1665 praecipiti

130 1705 199 1748 ·›res
230 1686 396 1748 humanae
426 1695 548 1761 essent,
577 1687 668 1749 uario
700 1706 853 1749 sermone
884 1686 1058 1768 garrimus.
1114 1686 1195 1749 ‘ita’

121 1832 123 1836 -
147 1788 255 1871 inquit
269 1788 574 1852 Trimalchio‘non
591 1800 723 1871 oportet
739 1791 827 1853 hunc
844 1810 958 1853 casum
975 1791 1047 1854 sine
1063 1789 1198 1872 inscrip-

95 1922 122 1969 15
133 1892 236 1956 &tione
259 1893 415 1961 transire’
433 1893 612 1976 statimque
635 1894 804 1957 codicillos
827 1894 980 1976 poposcit
1001 1904 1034 1958 et
1055 1914 1122 1958 non
1141 1894 1197 1957 diu

146 1996 348 2079 cogitatione
364 1996 503 2061 distorta
519 1998 601 2061 haec
617 1998 788 2063 recitauit:

269 2170 376 2252 ‘quod
392 2192 459 2234 non
476 2181 641 2253 expectes,
656 2192 696 2235 ex
711 2181 903 2234 transuerso
919 2172 955 2234 fit
973 2204 999 2234 υ
1012 2225 1043 2235 -
1053 2224 1084 2235 -

331 2329 363 2338 -
375 2283 408 2337 et
425 2295 525 2356 supra
541 2296 602 2339 nos
619 2277 769 2338 Fortuna
785 2275 919 2357 negotia
935 2285 1035 2338 curat.

333 2399 435 2460 quare
451 2379 494 2441 da
510 2379 606 2442 nobis
622 2379 701 2442 uina
719 2379 870 2454 Falerna,
889 2377 991 2460 puer.’

94 2584 123 2616 ω
190 2553 308 2617 abhoc
321 2553 562 2636 epigrammate
575 2555 685 2636 coepit
698 2564 872 2635 poetarum
884 2573 958 2617 esse
971 2553 1094 2616 mentio

147 2655 270 2738 diuque
286 2677 416 2720 summa
431 2658 587 2721 carminis
603 2678 708 2740 penes
726 2659 883 2739 Mopsum
896 2658 1062 2720 Thracem
1078 2676 1198 2719 memo

147 2769 220 2822 rata
239 2769 290 2822 est
310 2761 416 2824 donec
437 2762 641 2825 Trimalchio
664 2763 776 2843 ‘rogo'
794 2761 901 2844 inquit
918 2760 1101 2842 ‘magisten
1119 2760 1198 2842 quid

147 2873 247 2945 putas
277 2864 364 2927 inter
394 2865 589 2930 Ciceronem
621 2875 654 2928 et
686 2866 863 2929 Publilium
894 2865 1078 2928 interesse?
1134 2885 1198 2945 ego

147 2968 287 3031 alterum
315 2978 395 3050 puto
422 2969 628 3055 disertiorem
656 2969 770 3046 fuisse,
794 2971 934 3032 alterum
962 2968 1196 3032 honestiorem.

94 3099 122 3146 ας
147 3071 227 3153 quid
242 3072 331 3135 enim
348 3073 400 3136 his
416 3073 535 3137 melius
551 3073 615 3136 dici
632 3075 762 3155 potest?
820 3056 824 3061 .

247 3253 266 3282 “
276 3248 524 3312 luxuriae'rictu
542 3249 661 3312 Martis
677 3259 827 3312 marcent
843 3250 983 3312 moenia.

276 3361 334 3415 tuo
351 3353 463 3435 palato
479 3353 612 3416 clausus
629 3373 717 3435 pauo
733 3353 881 3435 pascitur
1011 3343 1014 3348 ¹

277 3456 426 3538 plumato
440 3456 583 3520 ¹amictus
600 3477 701 3519 aureo
719 3457 932 3542 Babylonico

278 3560 402 3641 gallina
417 3560 478 3623 tibi
494 3561 682 3636 Numidica,
699 3561 759 3624 tibi
775 3561 883 3642 gallus
899 3561 1021 3642 spado;

277 3663 404 3727 ciconia
420 3665 530 3741 etiam,
547 3674 644 3746 grata
659 3664 836 3746 peregrina
852 3664 985 3746 hospita
1080 3690 1083 3698 ·
