2684 4094
459 275 653 325 amnonrvs
677 274 831 328 nnnrrnn
1139 281 1198 346 107

145 442 307 496 textatum
338 453 414 495 cum
445 416 553 495 anulis
586 432 694 494 aureis
725 430 872 512 quinque
903 440 937 494 et
971 451 1125 494 nummos
1163 430 1197 493 in

147 536 280 617 publico
303 537 345 599 de
369 536 502 599 sacculo
526 536 776 610 effundentem
803 535 868 597 scis
891 535 988 610 enim,
1009 535 1098 617 quod
1119 554 1198 616 epu·
1258 521 1261 528 ¹

146 640 213 701 lum
240 640 317 703 dedi
345 639 441 702 binos
466 639 629 703 denarios
677 638 828 714 iaciatur,
855 638 883 701 si
910 638 970 701 tibi
997 638 1136 714 uidetur,
1164 649 1197 702 et

146 744 296 806 triclinia.
344 743 449 806 facias
473 753 506 807 et
528 753 635 806 totum
655 742 816 824 populum
834 741 896 804 sibi
912 742 1059 804 suauiter
1075 742 1197 805 iacien-

108 877 122 922 5
147 858 221 910 tem.
270 848 312 910 ad
337 848 506 910 dexteram
539 867 646 909 meam
678 866 785 927 ponas
816 854 960 908 statuam
993 847 1196 909 Fortunatae

147 971 240 1014 meae
264 951 451 1013 columbam
474 959 666 1013 tenentem:
698 959 731 1012 et
754 950 906 1012 catellam
930 949 1063 1030 cingulo
1087 949 1197 1030 alliga-

147 1065 213 1116 tam
238 1055 356 1117 ducat:
384 1065 417 1116 et
441 1054 627 1117 cicaronem
652 1073 772 1128 meum,
790 1063 824 1116 et
844 1054 1024 1134 amphoras
1043 1053 1197 1134 copiosas

147 1168 317 1242 gypsatas,
343 1178 385 1220 ne
410 1158 546 1220 effluant
574 1157 697 1219 uinum.
746 1166 779 1219 et
806 1176 925 1219 urnam
952 1156 1028 1220 licet
1055 1157 1196 1219 fractam

147 1263 290 1345 sculpa's,
308 1271 342 1325 et
365 1281 556 1343 supeream
580 1281 721 1342 puerum
745 1261 940 1342 plorantem.
988 1260 1196 1342 horologium

96 1398 124 1430 10
147 1368 180 1429 in
205 1366 325 1441 media,
342 1375 378 1428 ut
402 1365 551 1447 quisquis
575 1366 673 1427 horas
689 1364 853 1447 inspiciet,
871 1364 951 1427 uelit
966 1365 1056 1440 nolit,
1074 1385 1196 1427 nomen

148 1491 259 1534 meum
283 1471 381 1551 legat.
428 1469 598 1550 inscriptio
622 1472 760 1551 quoque
778 1469 856 1532 uide
879 1468 1056 1550 diligenter
1071 1469 1098 1531 si
1115 1469 1197 1532 haec

149 1576 229 1638 satis
259 1575 379 1637 idonea
408 1573 468 1636 tibi
499 1573 649 1636 uidetur:
688 1578 707 1605 “
717 1573 753 1637 C.
787 1572 965 1654 Pompeius
995 1573 1198 1636 Trimalchio

150 1678 424 1742 Maecenatianus
452 1677 504 1740 hic
531 1676 717 1759 requiescit.
774 1675 851 1740 huic
878 1677 1042 1739 seuiratus
1067 1677 1198 1739 absenti

148 1782 301 1845 decretus
324 1791 383 1844 est.
430 1801 506 1844 cum
529 1791 643 1862 posset
666 1780 700 1842 in
724 1779 878 1843 omnibus
900 1779 1042 1843 decuriis
1070 1781 1197 1843 Romae

98 1915 123 1962 15
148 1906 231 1961 esse,
248 1895 361 1948 tamen
381 1884 494 1947 noluit.
542 1884 626 1966 piuS,
644 1884 749 1959 fortiS,
767 1883 883 1955 fidelis,
901 1903 941 1946 ex
962 1904 1067 1964 paruo
1083 1884 1196 1959 creuit,

148 1989 337 2053 sestertium
360 1987 493 2070 reliquit
511 1987 698 2063 trecenties
716 2007 778 2051 nec
795 2007 942 2069 unquam
959 1985 1196 2069 philosophum

147 2092 282 2156 audiuit.
329 2092 423 2155 uale:
447 2101 480 2154 et
495 2093 578 2154 tu.’'’

192 2215 245 2274 ⁷²·
271 2197 355 2258 haec
385 2204 422 2257 ut
452 2194 533 2257 dixit
563 2194 775 2270 Trimalchio,
803 2195 883 2257 flere
908 2194 1018 2276 coepit
1044 2194 1195 2258 ubertim.

148 2301 248 2364 flebat
272 2309 306 2362 et
332 2301 524 2374 Fortunata,
551 2299 652 2362 flebat
678 2308 712 2361 et
740 2299 927 2374 Habinnas,
953 2308 1024 2362 tota
1054 2299 1198 2381 denique
1257 2314 1261 2321 '

95 2439 124 2469 ω
147 2404 282 2476 familia,
306 2413 465 2485 tanquam
492 2402 525 2464 in
553 2403 657 2465 funus
683 2412 809 2485 rogata,
836 2403 1071 2466 lamentatione
1101 2403 1198 2467 tricli-

147 2510 238 2571 nium
262 2507 421 2589 impleuit.
468 2506 569 2569 immo
585 2507 650 2569 iam
667 2526 843 2588 coeperam
858 2507 958 2570 etiam
975 2526 1038 2588 ego
1055 2507 1195 2588 plorare,

147 2633 222 2676 cum
238 2611 441 2675 Trimalchio
458 2612 575 2693 ‘ergo'
593 2610 700 2693 inquit
717 2618 811 2674 ‘curn
828 2611 972 2674 sciamus
988 2631 1050 2674 nos
1066 2611 1197 2674 moritu-

147 2737 201 2779 ros
225 2735 308 2790 esse,
326 2731 429 2796 quare
451 2734 518 2777 non
542 2714 720 2778 uiuamus?
755 2715 802 2778 sic
826 2735 887 2777 uos
912 2714 1028 2777 felices
1053 2714 1195 2789 uideam,

146 2819 349 2882 coniciamus
375 2837 437 2880 nos
463 2818 498 2880 in
524 2816 690 2893 balneum,
715 2838 790 2881 meo
814 2818 969 2899 pericula,
994 2838 1061 2880 non
1087 2818 1197 2901 paeni-

92 2943 120 3002 '25
145 2924 235 2986 tebit.
283 2922 330 2985 sic
353 2922 440 2985 calet
462 2932 621 3004 tanquam
649 2923 788 2985 furnus!
836 2928 944 2997 ‘uer0,
969 2923 1065 2984 uero’
1091 2922 1196 3004 inquit

147 3028 325 3091 Habinnas
343 3026 402 3089 ‘de
418 3047 486 3089 una
501 3026 555 3089 die
572 3026 656 3088 duas
672 3027 793 3101 iacere,
811 3025 892 3087 riihil
909 3025 1013 3087 malo’
1031 3025 1196 3107 nudisque

145 3129 351 3194 consurrexit
373 3129 516 3212 pedibus
537 3138 570 3192 et
591 3129 874 3193 Trimalchionem
890 3129 1107 3211 plaudentem
1123 3129 1197 3191 sub

145 3234 239 3316 sequi
254 3231 364 3318 eoepit.

93 3397 181 3450 While
197 3396 356 3450 Trimalchio
372 3397 428 3449 aad
444 3397 485 3449 tlte
501 3397 586 3449 others
602 3413 648 3448 are
664 3397 692 3448 in
709 3397 749 3449 tlte
766 3395 834 3460 bati,
850 3397 890 3448 tie
906 3397 975 3449 three
986 3395 1096 3465 friends
1114 3403 1155 3464 try
1172 3402 1197 3448 to

92 3551 95 3555 Ι
145 3501 238 3553 escape
249 3483 325 3554 from
340 3485 381 3536 tie
398 3484 485 3546 house,
501 3484 545 3535 bat
561 3500 607 3535 are
623 3484 730 3552 refused
748 3483 799 3534 exit
816 3483 904 3550 hythe
922 3483 1102 3551 door-keeper.
1142 3482 1196 3533 The

144 3572 271 3640 drinliap
288 3572 310 3623 is
324 3571 426 3639 finally
444 3571 563 3622 renewed
580 3571 660 3622 about
677 3570 812 3638 daybreak
830 3569 859 3621 ia
879 3571 988 3622 another
1005 3569 1194 3639 diuina-roam.

143 3656 303 3711 Trimalchio
318 3659 368 3710 itas
382 3675 400 3710 a
415 3658 522 3728 quarret
538 3656 598 3709 aaa
615 3657 656 3709 tis
668 3657 776 3726 jealaaa
792 3656 861 3725 wife,
875 3656 958 3709 waiet
974 3657 1005 3708 ie
1022 3656 1196 3723 supprehensa
