2684 4094
590 291 749 340 LVCILlVS

365 504 366 507 Ἴ
435 445 516 499 From
528 447 568 498 tlte
576 445 681 514 picture
693 446 728 515 os
733 463 750 498 a
762 447 902 516 yodobout.

122 565 194 642 185.
228 573 285 626 aut
301 582 376 627 cum
393 562 455 625 iter
471 571 523 624 est
538 561 648 643 aliquo
665 571 698 624 et
714 581 850 624 causam
866 572 1045 625 conmenta
1061 562 1127 625 uiai

226 666 294 730 bito
305 666 395 748 apud
406 665 583 740 aurificem,
596 665 638 727 ad
652 674 801 741 matrem,
813 676 1000 747 cognatam,
1012 666 1055 729 ad
1068 666 1216 729 amicam.

1008 770 1083 820 Non.
1099 782 1158 837 522·
1177 783 1217 837 19.

121 877 193 940 186.
226 885 283 938 aut
299 883 437 956 operata
452 873 562 956 aliquo
578 872 611 934 in
628 872 750 936 celebri
766 893 841 936 cum
858 874 1052 955 aequalibus
1068 875 1156 936 fano.

337 1005 340 1010 v
1028 977 1103 1029 Non.
1120 990 1179 1044 523·
1194 992 1218 1044 9.

120 1085 192 1160 187.
227 1082 315 1144 lanai
331 1101 415 1162 opus
432 1100 530 1143 omne
546 1080 640 1163 perit,
658 1080 772 1163 pallor,
790 1081 890 1143 tiniae
907 1081 1018 1143 omnia
1035 1082 1185 1144 caedunt.

871 1184 945 1235 Non.
960 1196 1019 1247 272.
1036 1197 1083 1249 13;
1102 1183 1162 1248 462.
1177 1199 1218 1250 24·

208 1326 232 1376 A
248 1326 397 1378 contractet!
406 1325 511 1393 picture
524 1324 559 1392 os
569 1325 610 1376 tlte
620 1324 738 1393 faithful
752 1324 819 1392 wife,
833 1326 888 1377 who
901 1325 988 1376 thinks
1001 1342 1071 1392 upon
1083 1326 1129 1377 lor

554 1412 674 1464 husband
687 1420 714 1463 al
726 1428 780 1464 seo.

120 1534 192 1597 188.
226 1531 276 1594 uir
292 1552 383 1594 mare
399 1531 534 1594 metitur
549 1551 708 1613 magnum
725 1541 758 1593 et
774 1551 810 1594 se
827 1531 980 1594 fluctibus
995 1532 1103 1594 tradit.

1007 1635 1082 1686 Non.
1131 1650 1158 1685 o.
1175 1634 1216 1686 18.

120 1709 192 1786 189.
225 1706 391 1782 continuo,
409 1705 562 1768 simulac
579 1705 678 1786 paulo
695 1705 882 1768 uementius
898 1726 979 1768 aura
1097 1648 1128 1703 3⁵

224 1809 354 1886 inflarit,
372 1809 492 1872 fluctus
507 1808 648 1872 erexerit
663 1809 891 1892 extuleritque,
1010 1853 1083 1904 Non.
1097 1864 1158 1921 297·
1173 1865 1216 1904 22,

343 2044 423 2098 From
435 2046 475 2098 tle
486 2045 564 2115 sablo
577 2046 611 2115 os
621 2046 662 2098 tle
672 2046 726 2115 soa
738 2047 793 2098 ond
805 2047 844 2098 tle
856 2046 914 2098 siolo
925 2045 988 2099 lion.

224 2161 417 2249 [Luciliana
433 2174 511 2227 sunt
527 2165 619 2228 haec.
711 2205 810 2275 Porph.
825 2206 853 2258 in
867 2207 936 2260 Hor·

953 2205 1008 2275 Er·
1024 2208 1046 2259 Ι·
1063 2221 1087 2258 1·
1103 2206 1213 2276 73-75·]

119 2359 192 2420 190.
618 2390 624 2403 .
651 2390 656 2403 .
683 2391 689 2403 .
715 2342 846 2405 leonem

225 2453 398 2526 aegrotum
415 2465 453 2508 ac
470 2444 594 2507 lassum
619 2494 624 2507 .
651 2495 657 2507 .
684 2495 690 2507 .
1029 2473 1103 2525 Non.
1119 2485 1178 2538 34¹·
1193 2484 1216 2538 5.

78 2648 82 2656 ·
119 2626 191 2687 191.
225 2628 310 2689 quae
326 2629 394 2671 non
410 2608 584 2691 spectandi
600 2608 709 2671 studio
725 2608 784 2671 sed
800 2609 843 2672 ab
859 2608 978 2671 ominis
994 2608 1092 2671 taetri
1142 2604 1145 2607 ’

223 2711 358 2792 inpulsu
374 2712 558 2793 ingressast
582 2761 588 2774 .
615 2762 621 2774 .
648 2761 653 2774 .
1028 2741 1102 2793 Non,
1115 2753 1175 2806 413·
1190 2752 1215 2805 7,

118 2892 191 2954 192.
225 2875 368 2939 deducta
383 2884 463 2938 tunc
480 2895 563 2939 uoce
579 2874 630 2939 leo
648 2880 725 2939 ‘cur
740 2885 776 2938 tu
792 2875 865 2957 ipsa
881 2876 996 2938 uenire

223 2999 290 3041 non
306 2979 358 3042 uis
374 2979 479 3043 huc?’
505 3029 511 3041 .
538 3029 544 3042 .
570 3029 577 3042 .
1009 3008 1082 3059 Non,
1096 3006 1156 3074 239⁴
1175 3019 1214 3073 15·

117 3161 190 3221 193.
225 3142 322 3224 ‘quid
339 3142 400 3205 sibi
416 3143 494 3217 uolt,
512 3162 615 3225 quare
631 3143 676 3218 fit,
694 3153 730 3205 ut
746 3143 952 3207 introuorsus
968 3154 1001 3206 et
1017 3144 1059 3206 ad
1075 3154 1108 3206 te

225 3255 377 3328 spectent
393 3256 493 3329 atque
509 3248 620 3309 ierant
636 3247 777 3329 uestigia
793 3267 828 3310 se
845 3248 956 3310 omnia
973 3268 1090 3329 prosus
1102 3248 1131 3309 ?’

883 3351 957 3402 Non.
972 3363 1095 3417 303.15;
1115 3361 1141 3414 41

203 3502 228 3552 Α
244 3511 342 3569 protest
355 3501 458 3570 oqoinsl
471 3519 507 3553 on
520 3501 677 3570 unfounderl
689 3501 822 3569 suspicion
835 3501 950 3571 offolse
960 3501 1125 3570 frienrlslrip.

117 3639 190 3698 194.
224 3620 326 3682 nolito
342 3619 402 3682 tibi
417 3639 470 3682 me
486 3619 684 3683 maledicere
700 3640 800 3702 posse
816 3630 932 3703 putarr
1118 3689 1157 3746 ἧς.
