2684 4094
152 236 193 300 28
416 247 627 296 Funouunns
649 247 694 297 ou
718 248 843 297 uounu
867 249 991 299 sunus

492 401 516 451 A
534 402 632 452 miser’s
645 419 705 453 core
714 402 765 470 sor
777 403 817 454 leis
827 420 915 471 porse.

127 444 206 572 s88.
239 506 293 569 cui
308 526 417 588 neque
434 507 650 569 iumentumst
666 529 727 571 nec
745 529 859 572 seruos
876 530 937 573 nec
955 531 1066 574 comes
1082 512 1178 587 ullus

239 611 374 691 bulgam
400 620 433 672 et
458 611 617 693 quidquid
646 612 747 675 habet
775 634 985 676 nummorum
1013 635 1125 678 seeum
1152 617 1259 682 habet

326 713 407 794 ipse.

238 838 313 881 cum
329 818 429 898 bulga
446 828 551 893 cenat,
569 819 698 894 dormit,
716 820 816 883 lauit:
840 821 947 883 omnis
964 822 997 884 in
1014 833 1113 885 unast

239 941 316 1003 spes
333 921 458 984 homini
474 921 583 1003 bulga.
631 923 732 1004 bulga
748 924 830 987 haec
847 925 1002 989 deuincta
1017 928 1182 991 lacertost.

1083 1030 1156 1080 Non.
1170 1030 1212 1095 78.
1228 1046 1255 1100 3.

511 1097 552 1166 Of
559 1115 575 1149 a
588 1099 706 1150 volcont'c
720 1099 885 1168 eruption(?)

149 1204 203 1283 89.
237 1202 380 1265 zonatim
397 1202 521 1266 circum
539 1203 724 1284 inpluuium
741 1204 823 1267 cinis
840 1226 933 1268 rarus
949 1206 1081 1270 fluebat.

1048 1311 1120 1361 Non.
1137 1310 1194 1379 189.
1209 1327 1253 1381 33.

596 1379 620 1431 A
637 1381 718 1448 leovy
731 1381 801 1432 load.

148 1505 202 1564 90.
236 1504 335 1566 quem
352 1505 461 1566 neque
481 1485 625 1548 Lucanis
643 1487 773 1548 oriundi
790 1488 957 1550 montibus
973 1487 1059 1551 tauri

235 1589 356 1651 ducere
374 1589 502 1670 protelo
518 1589 636 1651 ualidis
654 1590 837 1653 ceruicibus
854 1603 991 1672 possent
1056 1662 1122 1713 Non
1145 1660 1196 1730 363
1223 1677 1237 1732 5

485 1763 540 1816 Tte
550 1765 660 1834 festival
673 1767 707 1834 os
718 1767 758 1817 tlte
772 1767 921 1835 Styulurta.

147 1890 200 1949 91.
495 1920 501 1932 .
527 1921 533 1932 .
561 1921 566 1932 .
593 1883 796 1935 seruorumst
813 1874 921 1935 festus
937 1873 1008 1936 dies
1025 1873 1087 1949 hic,

234 1994 332 2056 quem
350 1974 448 2055 plane
466 1976 657 2037 hexametro
675 1996 773 2038 uersu
791 1997 858 2039 non
875 1977 984 2039 dicere
1001 1977 1118 2058 possis.

822 2077 922 2146 Porph.
937 2077 965 2128 in
980 2079 1047 2130 Hor.
1063 2078 1118 2130 Sat.
1132 2078 1153 2130 l.
1168 2092 1191 2147 ς.
1206 2078 1248 2144 87.

395 2195 448 2247 The
461 2195 642 2264 loflyflclions
655 2196 689 2264 of
696 2197 736 2248 tle
749 2197 806 2264 epic
817 2197 1000 2266 imaginationi.

145 2319 200 2381 92.
234 2310 270 2364 ut
287 2297 369 2381 φύγε
385 2301 554 2382 discrepat
569 2322 608 2364 ac
624 2297 679 2361 τὸν
695 2297 728 2362 δὲ
744 2299 925 2384 ἐξήρπαξεν
939 2299 1136 2365 Ἀπόλλωνῑ

821 2404 921 2472 Porph.
935 2403 964 2455 in
978 2406 1046 2457 Hor.
1062 2405 1117 2456 Sat.
1131 2405 1152 2456 l.
1165 2419 1190 2473 9.
1204 2405 1248 2470 78.

579 2552 689 2613 Linon
711 2551 811 2615 VIII.

483 2663 508 2715 A
525 2665 611 2716 slcetclt
622 2664 697 2733 from
710 2665 750 2716 tlte
763 2665 905 2733 barnyord.

144 2789 198 2850 93.
231 2771 436 2852 gallinaceus
453 2791 528 2833 cum
545 2771 650 2833 uictor
667 2792 703 2833 se
720 2772 827 2852 gallus
844 2774 985 2835 honeste

233 2873 366 2936 sustulit
381 2873 414 2936 in
431 2873 553 2955 digitos
569 2874 800 2957 primoresque¹
813 2875 909 2956 erigit
925 2874 1055 2956 unguis.

1042 2974 1115 3025 Non.
1129 2984 1189 3038 427.
1202 2986 1246 3039 23.

568 3091 679 3153 Ltnuu
701 3092 820 3155 VIIII.

231 3203 278 3257 We
290 3204 384 3257 should
397 3213 448 3268 not,
463 3204 523 3256 with
537 3203 646 3267 Accius,
661 3205 754 3257 double
768 3205 807 3256 tlte
820 3205 899 3257 vowel
911 3221 928 3257 a
940 3205 1011 3256 when
1025 3205 1044 3256 u
1057 3204 1080 3256 is
1092 3205 1163 3274 lonq.

143 3330 197 3391 94.
231 3332 251 3373 a
264 3311 447 3392 primumst.
481 3311 558 3373 hinc
571 3310 727 3392 incipiam
738 3321 771 3373 et
781 3331 865 3393 quae
879 3311 1014 3374 nomina
1026 3311 1067 3373 ab
1080 3312 1144 3374 hoc
1157 3320 1243 3373 sunt.

640 3418 658 3452 ἦ
727 3418 745 3452 ἦ

684 3460 701 3494 *

230 3539 249 3581 a
266 3518 409 3600 primum
425 3519 527 3600 longa
543 3518 654 3581 breuis
672 3519 808 3603 syllaba.
857 3540 917 3582 nos
934 3529 1045 3581 tamen
1063 3538 1165 3581 unum

231 3625 292 3686 hoc
310 3623 471 3686 faciemus
488 3633 520 3685 et
537 3643 603 3685 uno
621 3623 805 3704 eodemque
822 3632 858 3685 ut
874 3623 1015 3685 diximus
1034 3633 1132 3704 pacto
