2684 4094
606 276 728 328 VARRO

436 431 531 501 Anper
543 432 566 482 is
579 449 626 483 one
639 431 704 482 kind
717 431 751 500 os
758 433 878 483 mudness
885 449 895 494 ;

116 543 171 620 56.
203 539 291 603 Aiax
307 549 378 602 tum
395 539 499 602 credit
515 539 603 600 ferro
621 559 656 600 se
673 538 811 600 caedere
829 538 968 612 Vlixem,

204 663 280 706 cum
296 643 464 706 bacchans
481 641 563 705 suile
581 641 702 702 incedit
719 661 904 722 porcosque
920 641 1070 715 trucidat,

1006 744 1081 795 Non.
1097 755 1157 807 271.
1172 756 1215 810 32.

503 825 694 876 Drunlcenness
706 825 831 886 eoolbem

117 949 170 1012 57.
431 981 438 994 .
464 981 470 994 .
496 981 502 993 .
527 940 564 993 tu
581 951 646 993 non
664 931 798 1005 insanis
816 930 874 1012 qui
889 930 949 993 tibi
964 930 1042 993 uino

204 1056 325 1119 corpus
341 1031 630 1119 corrumpis[que]
650 1054 741 1096 mero
765 1040 804 1096 .'.
831 1035 862 1096 ..Ρ
1032 1078 1105 1129 Non.
1119 1090 1178 1144 344·
1196 1090 1216 1127 Ι,

544 1219 659 1271 Avarico
672 1219 789 1272 another.

117 1328 171 1406 58.
476 1375 483 1388 .
509 1375 515 1387 .
542 1376 548 1388 .
573 1325 717 1407 denique
733 1326 790 1408 qui
806 1326 848 1389 sit
864 1347 986 1390 auarus

204 1432 329 1493 sanus?
374 1430 428 1493 cui
444 1430 472 1493 si
488 1439 554 1493 stet
569 1431 670 1493 terrai
685 1431 825 1493 traditus
842 1430 939 1506 orbis,

204 1535 348 1597 furando
364 1545 475 1596 tamen
492 1555 530 1597 ac
546 1535 662 1597 morbo
679 1534 866 1598 stimulatus
882 1536 1000 1599 eodem

206 1658 245 1700 ex
262 1658 335 1700 sese
351 1638 423 1720 ipse
440 1638 563 1719 aliquid
580 1648 718 1720 quaerat
734 1648 899 1720 cogatque
916 1639 1035 1721 peculi.
1175 1705 1177 1711 ,

889 1742 962 1793 Non.
977 1754 1035 1810 39²·
1053 1755 1081 1806 ¹3
1103 1739 1161 1805 264.
1175 1755 1217 1791 20.

192 1843 245 1895 The
256 1852 345 1913 quesls
354 1843 455 1912 finally
467 1845 536 1912 sully
548 1852 593 1896 out
605 1852 629 1897 lo
641 1845 744 1897 consult
755 1843 795 1896 lle
808 1845 907 1896 orae-les
920 1862 953 1895 on
967 1845 1007 1895 lle
1020 1845 1145 1913 question.

118 1967 171 2030 59.
249 1961 282 2013 et
306 1951 409 2014 ceteri
434 1932 625 2014 scholastici
651 1950 771 2013 saturis
798 1951 932 2013 auribus
960 1951 1105 2013 scholica
1131 1950 1217 2031 dape

205 2065 305 2137 atque
320 2054 421 2118 ebriis
437 2054 557 2117 festica
572 2051 836 2140 ἀπεραντολογίᾳ
850 2053 1083 2136 consurgimus
1100 2053 1218 2116 ieiunis

205 2159 318 2222 oculis.
1006 2186 1082 2236 Non.
1096 2197 1158 2250 451·
1173 2197 1216 2251 3²·

136 2338 174 2390 Al
186 2340 227 2391 lle
240 2339 330 2408 temple
343 2339 377 2408 os
385 2339 494 2408 Serapis
507 2339 565 2407 they
576 2338 641 2407 find
657 2338 711 2390 llrot
728 2356 790 2390 even
806 2338 847 2391 lle
858 2339 912 2407 qod
925 2338 948 2390 is
960 2338 1026 2390 keen
1036 2337 1087 2406 sor
1099 2354 1198 2405 money.

118 2447 172 2510 60.
206 2446 337 2527 hospes,
356 2445 435 2527 quid
453 2445 551 2507 miras
568 2464 704 2507 nummo
721 2465 837 2508 curare
854 2444 1029 2526 Serapim?

249 2549 351 2631 quid?
375 2549 470 2631 quasi
486 2569 552 2611 non
570 2558 664 2611 curet
680 2548 765 2611 tanti
780 2548 858 2611 item
875 2547 1099 2611 Aristoteles?

118 2687 172 2750 61.
205 2695 262 2748 aut
278 2686 394 2748 ambos
410 2686 495 2748 mira
511 2695 567 2748 aut
583 2684 651 2748 noli
667 2684 785 2747 mirare
802 2685 901 2746 deum
918 2705 970 2746 me

249 2790 291 2852 de
307 2790 425 2853 eOdem
449 2839 455 2851 ·
481 2839 488 2852 ·
514 2839 521 2852 ·
1013 2816 1085 2867 Non.
1099 2816 1161 2879 480.
1176 2829 1217 2883 29.

171 2972 210 3025 Ar
222 2973 263 3026 tlte
276 2974 368 3043 temple
381 2973 416 3043 of
426 2973 521 3042 Cybele
534 2973 556 3025 is
569 2973 625 3026 also
638 2974 768 3036 menese,
782 2973 876 3042 lbooqlr
891 2973 950 3024 lere
963 2972 1164 3041 ‹issanoticism

119 3081 173 3144 62.
249 3081 461 3144 commodum
489 3091 621 3162 praeter
650 3080 768 3143 Matris
797 3081 907 3142 Deum
934 3080 1051 3141 aedem
1079 3078 1218 3140 exaudio

205 3184 432 3268 cymbalorum
457 3185 612 3246 sonitum.
1006 3211 1081 3262 Non·
1098 3223 1157 3277 529,
1176 3222 1217 3275 13,

118 3311 189 3400 6ss
250 3346 325 3388 cum
356 3325 430 3389 illoc
463 3325 571 3400 uenio,
604 3325 701 3389 uideo
734 3325 896 3406 gallorum
929 3322 1152 3405 frequentiam
1185 3321 1217 3383 in

206 3429 341 3510 templo,
361 3429 418 3511 qui
438 3430 517 3491 dum
540 3449 683 3491 messem
705 3430 844 3491 hornam
866 3428 1011 3491 adlatam
1033 3427 1220 3508 imponeret

207 3533 322 3596 aedilis
351 3533 446 3614 signo
475 3533 631 3617 Cybelae,
657 3534 754 3595 deam
783 3534 947 3614 gallantes
976 3531 1067 3594 uario
1096 3530 1220 3592 recine-

206 3636 287 3699 bant
311 3637 468 3718 strepitu:
1024 3661 1099 3711 Non.
1118 3672 1176 3725 119,
1195 3671 1218 3708 1,
