2684 4094
584 279 754 330 nnvnmvs
943 285 1009 331 “rr
1162 286 1223 354 159

169 439 341 502 cacumine
357 439 404 502 sic
420 459 494 519 eam
510 438 658 520 grauiter
672 449 858 502 commotus
877 437 1028 503 adfatur:
1054 445 1136 523 ‘ego
1154 441 1222 523 qui-

169 543 254 619 dem,
272 542 516 625 simplicissima
535 544 673 627 Psyche,
691 543 839 626 parentis
858 563 952 606 meae
968 544 1110 608 Veneris
1129 566 1221 627 prae·

169 657 341 728 ceptorum
362 645 544 722 immemor,
563 667 648 728 quae
668 656 701 709 te
723 646 834 709 miseri
855 648 1057 730 extremique
1078 640 1242 712 hominis

169 750 359 814 deuinctam
383 750 539 831 cupidine
562 749 676 814 infimo
701 750 910 814 matrimonio
934 751 1042 815 addici
1068 752 1219 830 iusserat,

131 883 145 930 5
169 854 240 935 ipse
261 854 371 936 potius
394 864 522 918 amator
543 854 697 917 aduolaui
719 854 787 918 tibi.
835 855 894 918 sed
918 856 980 918 hoc
1004 856 1070 919 feci
1093 856 1220 934 leuiter,

68 989 71 993 ·
169 957 256 1035 scio;
287 968 321 1021 et
348 959 539 1040 praeclarus
565 958 620 1023 ille
647 959 847 1041 sagittarius,
872 959 944 1041 ipse
970 980 1024 1023 me
1051 961 1118 1024 telo
1146 982 1221 1024 meo

170 1063 327 1144 percussi,
348 1072 448 1145 teque
471 1062 648 1145 coniugem
672 1084 781 1126 meam
804 1063 879 1140 feci,
903 1073 939 1126 ut
963 1063 1071 1127 bestia
1095 1065 1221 1128 scilicet

168 1166 228 1229 tibi
246 1167 385 1243 uiderer,
403 1178 438 1230 et
460 1168 550 1230 ferro
573 1177 674 1250 caput
696 1167 865 1233 excideres
888 1189 1008 1244 meum,
1026 1168 1115 1251 quod
1138 1168 1221 1232 istos

169 1280 334 1335 amatores
345 1281 421 1335 tuos
437 1271 551 1335 oculos
566 1271 670 1354 gerit!
717 1273 799 1335 haec
815 1271 875 1334 tibi
890 1272 1072 1335 identidem
1088 1293 1221 1354 semper

118 1403 145 1435 10
169 1376 320 1438 cauenda
332 1375 520 1452 censebam,
535 1377 618 1439 haec
635 1375 788 1439 beniuole
803 1376 1026 1439 remonebam.
1070 1377 1129 1439 sed
1145 1377 1221 1440 illae

169 1478 302 1562 quidem
319 1479 557 1543 consiliatrices
573 1479 729 1562 egregiae
741 1489 818 1542 tuae
830 1488 899 1543 tam
913 1479 1090 1560 perniciosi
1103 1481 1221 1563 magis-

168 1581 243 1646 terii
257 1581 385 1645 dabunt
401 1585 550 1647 actutum
566 1583 647 1645 mihi
664 1603 808 1664 poenas;
832 1592 865 1645 te
885 1602 964 1646 uero
985 1593 1116 1646 tantum
1137 1585 1221 1666 fuga

169 1707 244 1749 mea
275 1685 456 1768 puniuero’
510 1696 543 1749 et
573 1706 649 1749 cum
679 1686 821 1750 termino
852 1686 1014 1750 sermonis
1045 1687 1156 1768 pinnis
1186 1687 1221 1750 in

169 1789 272 1852 altum
297 1811 333 1854 se
356 1790 528 1874 proripuit.

119 1920 145 1967 15
214 1911 266 1973 25.
296 1895 425 1979 Psyche
455 1914 536 1958 uero
569 1894 661 1957 humi
693 1904 860 1976 prostrata
889 1904 923 1959 et
953 1905 1114 1977 quantum
1147 1895 1221 1957 uisu

125 1995 128 1999 ’
170 2008 301 2079 poterat
316 1998 446 2060 uolatus
463 1998 572 2060 mariti
590 1998 799 2080 prospiciens
819 1999 973 2061 extremis
992 1999 1161 2079 affligebat
1179 1999 1222 2060 la-

170 2101 428 2163 mentationibus
445 2101 601 2163 animum.
645 2101 704 2164 sed
719 2101 776 2163 ubi
791 2101 929 2182 remigio
942 2101 1076 2183 plumae
1088 2112 1220 2183 raptum

170 2205 324 2268 maritum
348 2204 529 2286 proceritas
554 2204 653 2286 spatii
675 2205 803 2267 lecerat
826 2204 979 2279 alienum,
1002 2225 1061 2286 per
1082 2204 1222 2286 proximi

170 2308 314 2371 fluminis
337 2307 521 2389 marginem
549 2308 764 2391 praecipitem
792 2328 866 2371 sese
893 2308 992 2370 dedit.
1048 2309 1106 2371 sed
1134 2308 1222 2370 mitis

118 2443 147 2474 ω
170 2411 300 2487 fluuius,
317 2410 351 2473 in
369 2412 529 2474 honorem
547 2397 601 2474 dei
621 2411 746 2474 scilicet
765 2411 822 2494 qui
841 2422 875 2474 et
892 2410 983 2494 ipsas
1003 2433 1107 2494 aquas
1126 2433 1222 2475 urere

170 2515 353 2591 consueuit,
377 2525 531 2578 metuens
559 2515 630 2591 sibi,
657 2516 835 2579 confestim
866 2535 940 2578 eam
969 2515 1101 2578 innoxio
1132 2515 1222 2578 uolu-

170 2619 259 2682 mine
290 2639 390 2700 super
420 2618 527 2700 ripam
561 2619 735 2682 florentem
770 2618 881 2682 herbis
916 2618 1076 2700 exposuit.
1142 2628 1221 2682 tunc

170 2725 257 2788 forte
275 2724 344 2786 Pan
360 2724 443 2786 deus
460 2723 602 2786 rusticus
619 2723 709 2785 iuxta
725 2723 937 2804 supercilium
953 2723 1061 2785 amnis
1073 2723 1220 2798 sedebat,

170 2826 363 2909 complexus
378 2826 473 2889 Echo
489 2835 683 2888 montanam
699 2827 797 2888 deam
813 2846 954 2908 eamque
970 2826 1106 2889 uoculas
1122 2824 1223 2889 omni-

119 2959 147 3005 ις
171 2930 286 2993 modas
310 2930 455 2993 edocens
480 2929 655 2992 reccinere.
704 2929 851 3012 proxime
878 2929 984 3011 ripam
1012 2949 1099 3011 uago
1124 2939 1222 3011 pastu

170 3033 348 3097 lasciuiunt
370 3053 500 3096 comam
523 3031 616 3095 fluuii
638 3033 816 3096 tondentes
839 3033 997 3115 capellae.
1049 3032 1222 3095 hircuosus

71 3138 74 3142 ’
171 3137 253 3200 deus
270 3137 416 3200 sauciam
438 3138 591 3222 Psychen
611 3146 711 3219 atque
732 3137 909 3212 defectam,
927 3146 1107 3219 utcumque
1126 3157 1223 3199 casus

171 3241 242 3304 eius
257 3261 325 3304 non
341 3241 475 3316 inscius,
492 3239 674 3305 clementer
689 3240 731 3302 ad
748 3261 784 3303 se
800 3250 953 3304 uocatam
970 3239 1016 3302 sic
1039 3239 1224 3321 permulcet

171 3343 282 3407 uerbis
308 3344 528 3408 lenientibus:
562 3344 693 3425 ‘puella
720 3344 846 3420 scitula,
871 3363 944 3407 sum
970 3343 1103 3425 quidem
1131 3342 1224 3405 rusti·

118 3478 148 3522 30
172 3469 275 3511 canus
297 3459 330 3511 et
349 3449 461 3530 upilio,
480 3449 539 3511 sed
561 3448 742 3511 senectutis
762 3447 908 3529 prolixae
927 3447 1087 3509 beneficio
1111 3445 1223 3508 multis

172 3552 407 3633 experimentis
423 3552 611 3615 instructus.
659 3571 785 3626 uerum,
803 3551 831 3613 si
850 3562 938 3613 recte
958 3550 1116 3624 coniect0,
1134 3549 1224 3632 quod

172 3656 325 3736 profecto
344 3655 526 3736 prudentes
545 3654 608 3717 uiri
631 3654 870 3718 diuinationem
894 3661 1077 3730 autumant,
1096 3651 1137 3714 ab
1160 3650 1224 3714 isto
